4854 5816
339 621 441 685 Hinc
464 622 707 706 praefervida
731 624 875 686 010010
901 624 1106 688 Germanos
1129 624 1198 698 ira,
1229 623 1340 705 quiin
1367 622 1448 686 saltn
1472 621 1736 706 Teutoburgiensi
1760 642 1823 685 non
1848 623 2044 705 fortitudine,

237 728 291 793 sed
315 729 456 814 perfidia,
481 749 543 792 non
568 731 635 793 acio
658 730 823 811 instructa,
852 732 907 796 scd
931 730 1101 815 paludibus
1125 730 1222 794 adiuti
1248 728 1391 814 legiones
1414 729 1575 793 Romanas
1594 731 1769 794 temeritate
1794 731 1884 794 ducis
1908 730 2043 794 Romani

237 837 329 899 morti
355 836 527 900 destinatas
551 837 742 900 deleverint:

457 952 472 1015 I
497 953 560 1017 806
608 951 694 1028 Quin
718 960 751 1017 01
774 954 857 1018 bella
880 961 1000 1018 canunt
1022 956 1114 1038 ignes
1137 952 1327 1036 subitosque
1351 953 1520 1032 tumultus

607 1059 649 1124 Et
671 1060 877 1125 clandestinis
900 1062 1064 1146 surgentia
1087 1059 1256 1124 fraudibus
1278 1079 1366 1122 arma

608 1167 765 1232 Externos
788 1168 883 1231 modo
907 1188 965 1251 per
987 1175 1114 1252 gentes
1139 1172 1176 1230 01
1197 1166 1320 1230 foedere
1344 1172 1438 1249 rupto

608 1274 689 1338 Cum
714 1275 779 1339 fera
803 1275 965 1339 ductorem
991 1275 1097 1359 rapuit
1120 1274 1292 1338 Germania
1310 1272 1431 1336 Varum

499 1384 562 1446 900
608 1381 787 1466 Infecitque
811 1383 908 1445 trium
933 1383 1096 1467 legionum
1120 1381 1275 1464 sanguine
1300 1399 1439 1464 campos,

607 1490 769 1554 Arserunt
792 1495 856 1554 toto
879 1491 997 1573 passim
1023 1489 1202 1554 minitantia
1226 1487 1345 1551 mundo

608 1595 757 1679 Lumina,
781 1603 813 1660 ot
836 1598 903 1680 ipsa
927 1598 1001 1661 tulit
1023 1595 1142 1660 bellum
1169 1601 1282 1658 natura
1300 1614 1356 1678 per
1378 1595 1469 1676 ignes

609 1705 831 1788 Opposuitque
854 1723 931 1768 suas
953 1705 1038 1766 vires
1060 1702 1224 1784 finemque
1248 1703 1368 1765 minata
1391 1709 1447 1766 est.

609 1811 676 1874 Nec
700 1813 814 1874 mirere
837 1830 952 1894 graves
976 1828 1150 1891 rerumque
1174 1809 1407 1892 hominumque
1430 1809 1556 1872 ruinas!

499 1919 564 1982 905
611 1917 709 2001 Saepe
734 1917 820 1980 domi
844 1917 938 2000 culpa
961 1921 1021 1979 est:
1048 1917 1209 1980 nescimus
1232 1915 1361 1979 credere
1385 1916 1481 1997 caele,

236 2035 428 2119 quibuscum
450 2035 594 2098 conferas
614 2053 696 2116 quae
713 2033 857 2096 Velleius
871 2031 1062 2096 Paterculus
1077 2037 1110 2095 01
1129 2031 1304 2095 Suetonius
1320 2032 1358 2095 de
1378 2033 1435 2094 hae
1454 2031 1542 2096 010010
1562 2031 1698 2109 h·adant;
1719 2029 1860 2094 Velleius
1876 2029 1908 2092 11
1926 2031 1998 2108 118,
2010 2032 2044 2092 4:

238 2143 404 2207 obstabant
428 2144 490 2205 ianr
514 2143 577 2205 fata
601 2141 743 2204 consiliis
767 2159 963 2222 omnemque
987 2139 1086 2202 animi
1110 2140 1180 2202 eius
1204 2140 1235 2218 (1.
1260 2159 1285 2201 e.
1301 2139 1389 2217 Vari)
1419 2140 1520 2202 aciem
1545 2117 1828 2222 praestrimlerant;
1857 2135 1895 2198 ib.
1915 2137 1986 2212 119,
2010 2139 2044 2198 2:

238 2252 398 2314 exercitas
423 2250 567 2314 omnium
591 2248 784 2310 fortissimus
810 2296 815 2308 .
840 2296 846 2308 .
871 2296 877 2308 .
903 2265 1044 2310 marcore
1072 2247 1172 2326 ducis,
1202 2245 1332 2329 perfidia
1355 2247 1454 2309 hostis
1478 2298 1484 2311 .
1509 2296 1515 2306 .
1541 2295 1546 2306 .
1570 2244 1717 2307 inclusus
1745 2242 1845 2324 silvis,
1867 2241 2048 2327 paludibus,

239 2357 361 2420 insidiis
384 2357 423 2420 ab
447 2376 485 2420 eo
511 2356 598 2419 hoste
622 2354 661 2417 ad
684 2356 932 2419 internecionem
957 2353 1135 2416 trucidatus
1158 2359 1213 2418 est.
1260 2350 1345 2416 Suet
1368 2352 1433 2415 Tib.
1458 2354 1510 2416 18:
1537 2352 1708 2414 Varianam
1728 2349 1851 2413 cladem
1872 2350 2046 2412 temeritate

239 2469 270 2526 et
293 2463 491 2548 neglegentia
521 2463 611 2526 ducis
642 2463 804 2526 accidisse.
837 2501 878 2510 —
908 2461 1025 2524 Contra
1048 2459 1201 2523 Germani
1228 2464 1345 2522 aestate
1373 2461 1649 2544 appropinquanto
1676 2457 1913 2542 paludibusque
1943 2457 2046 2520 casio

237 2571 314 2634 catis
338 2576 418 2635 teste
442 2569 573 2633 Mamilio
598 2570 740 2654 legiones
763 2569 922 2632 Romanas
944 2567 1085 2652 fugiunt:

481 2685 529 2748 111
554 2687 618 2748 625
665 2685 787 2749 Cancer
810 2685 848 2748 ad
873 2686 1011 2748 aestivae
1034 2683 1138 2766 fulget
1158 2682 1285 2766 fastigia
1307 2701 1414 2746 zonae.

556 2793 615 2854 631
665 2792 707 2855 Et
730 2792 889 2876 trepidum
913 2791 1047 2874 pelagus
1070 2790 1170 2852 lassas
1194 2795 1260 2852 turn
1286 2788 1417 2872 languet
1439 2791 1473 2853 in
1499 2789 1609 2852 undas.

661 2899 750 2962 Tunc
773 2905 805 2963 et
827 2898 908 2964 bolla
931 2897 997 2962 fero
1022 2901 1198 2960 tractantur
1221 2895 1321 2960 Marte
1345 2902 1485 2978 cruenta,

663 3005 731 3070 Nec
753 3005 915 3087 Scythiam
941 3004 1081 3069 defendit
1103 3004 1219 3080 hiems3
1244 3003 1414 3065 Germania
1437 3004 1520 3066 sicca

663 3113 729 3177 Iam
755 3112 868 3177 tellure
890 3112 981 3196 fugit,
1004 3111 1165 3193 Nilusque
1189 3111 1338 3174 tumescit
1361 3111 1393 3172 in
1418 3129 1501 3173 arva.

236 3231 291 3294 Vs.
316 3232 376 3294 631
408 3231 563 3312 irmidcm
580 3229 714 3311 perapsis
736 3230 888 3292 10010100
907 3228 1043 3305 codices;
1068 3226 1205 3306 tepidtnn
1224 3263 1266 3273 —
1287 3225 1412 3290 iactatis
1433 3223 1451 3290 l.
1477 3225 1511 3288 iu
1533 3225 1629 3288 randis
1651 3225 1792 3306 Scaliger
1815 3231 1846 3286 ot
1872 3223 2047 3298 1100110100,

237 3339 297 3402 0101
324 3339 409 3421 quod
435 3339 486 3402 hic
507 3339 635 3403 siccatis
658 3336 799 3414 exhibet3
832 3336 945 3399 tacitas
977 3338 1042 3398 tam
1065 3332 1180 3411 Jacob3
1214 3352 1274 3396 nos
1307 3333 1470 3396 lenissima
1503 3332 1640 3396 adhibita
1663 3330 1787 3394 medela
1820 3331 1907 3393 hunc
1940 3330 1971 3391 in
2007 3348 2045 3390 oo

237 3467 331 3510 versu
352 3447 504 3509 volumus
523 3464 654 3510 sensum
673 3446 794 3507 inesse:
819 3462 914 3519 0000,
938 3442 991 3504 001
1010 3440 1148 3504 adicitur
1166 3441 1321 3522 trepidam
1345 3459 1410 3502 vox
1435 3440 1526 3522 quasi
1550 3437 1710 3522 epitheton
1734 3443 1934 3521 perpetuum,
1959 3435 2046 3518 quod

236 3554 351 3634 fertur,
382 3553 526 3636 languet,
558 3557 593 3615 ut
625 3551 729 3614 undae
761 3549 863 3614 lassae
895 3547 986 3623 fiant;
1021 3548 1054 3610 ia
1086 3547 1279 3630 praepositio
1308 3547 1373 3608 vim
1407 3553 1438 3609 01
1469 3545 1596 3609 11001001
1626 3551 1657 3609 01
1689 3544 1928 3608 consecutivam
1962 3542 2046 3626 apud

237 3659 404 3724 Manilium
428 3679 559 3742 quoquo
583 3660 709 3742 saepius
731 3656 840 3720 habes:

478 3777 528 3840 111
553 3777 616 3839 656
664 3773 750 3837 Vooe
774 3791 889 3836 nemus
912 3772 1056 3854 loquitur
1077 3769 1288 3851 frondemque
1311 3769 1442 3832 virescit
1463 3770 1496 3831 in
1522 3787 1651 3832 omnem

480 3883 527 3946 IV
550 3885 615 3947 402
661 3882 861 3963 Martemque
885 3897 1059 3961 sequemur
1081 3879 1115 3939 10
1134 3875 1266 3960 praedas

514 3990 529 4052 Ι
577 3993 618 4053 88
664 3988 752 4053 Fecit
775 3995 806 4052 ct
827 3987 946 4072 ignotis
969 3987 1029 4048 iter
1052 3985 1085 4047 10
1109 3985 1298 4047 commercia
1321 3984 1413 4046 torris

237 4130 356 4194 sequor
381 4110 465 4171 enim
491 4106 609 4169 codicis
633 4105 746 4168 Veneti
771 4103 970 4178 memoriam,
993 4121 1066 4164 oum
1091 4101 1185 4163 ceteri
1209 4099 1281 4161 libri
1306 4099 1476 4182 praebeant
1498 4098 1593 4161 iliraer
1616 4097 1812 4177 commercio,
1843 4115 1924 4180 quae
1953 4096 2046 4158 lectio

238 4235 316 4317 quin
343 4233 418 4295 hinc
438 4237 507 4295 orta
532 4232 572 4295 sit
594 4204 869 4308 trermcommeraa,
892 4227 1031 4290 dubitari
1051 4245 1116 4288 nou
1140 4231 1257 4307 potest;
1282 4223 1333 4286 alii
1360 4224 1417 4286 1001
1444 4225 1475 4284 10
1501 4222 1605 4285 indice
1627 4220 1738 4285 Jacobi
1762 4227 1900 4302 exstant,
1928 4220 2047 4304 quibus

237 4341 347 4424 plures
370 4340 485 4403 addere
508 4356 689 4422 possumus.

345 4455 408 4520 Sed
431 4455 470 4520 ad
492 4473 627 4538 proavos
651 4459 776 4517 nostros
798 4472 817 4514 a
839 4455 932 4535 poeta
955 4449 1096 4533 depictos
1121 4448 1316 4530 devotosque
1338 4447 1520 4510 redeamus:

481 4561 528 4627 IV
553 4563 616 4624 692
663 4558 837 4643 stupefacta
859 4577 936 4622 suos
958 4557 1043 4620 inter
1066 4555 1237 4619 Germania
1259 4559 1368 4638 partus

484 4668 525 4731 ib.
551 4669 614 4731 715
661 4666 756 4731 Flava
779 4685 835 4748 per
857 4665 1003 4748 ingentes
1027 4663 1131 4747 surgit
1154 4662 1322 4726 Germania
1345 4666 1454 4744 partus

481 4775 520 4838 ib.
548 4777 610 4838 794
655 4775 764 4857 Teque
785 4772 861 4836 feris
885 4771 1012 4854 dignam
1036 4774 1172 4850 tantum,
1196 4767 1373 4843 Germania,
1397 4774 1538 4829 matrem.

346 4893 445 4958 Hinc
465 4893 604 4978 denique
623 4897 734 4975 poetae
756 4907 882 4952 rerum
909 4887 1161 4951 Romanarum
1186 4891 1218 4948 et
1240 4883 1280 4947 ad
1302 4881 1494 4966 publicam
1518 4888 1550 4946 et
1567 4881 1607 4945 ad
1625 4881 1815 4966 privatam
1836 4880 1951 4941 vitam
1974 4898 2042 4962 per·

240 5002 410 5066 tinentium
436 5002 570 5064 scientia
594 4998 762 5083 multiplex
786 5015 823 5060 ac
847 4995 1010 5059 recondita
1034 4993 1082 5074 (of.
1101 4993 1198 5056 libros
1218 4989 1264 5053 IV
1283 4996 1315 5054 et
1331 4989 1382 5071 V),
1405 5008 1503 5072 quam
1526 4990 1559 5052 in
1583 4988 1750 5073 peregrino
1774 4987 1904 5048 homine
1928 4987 2046 5049 frastra

240 5127 384 5193 quaeras.
430 5107 493 5172 Sed
516 5109 593 5171 haec
617 5107 655 5170 de
678 5105 780 5188 patria
802 5110 913 5187 poetae
937 5103 1099 5165 hactenus.
1800 5189 1827 5224 >a
