4854 5816
368 561 498 626 Manilio
522 563 710 646 periculosa,
736 562 860 625 Tiberio
890 583 1016 628 summa
1040 561 1221 627 Germanici
1245 565 1367 627 inuidia
1389 566 1521 628 incensu
1546 566 1636 646 (Suet
1660 563 1725 628 Cal.
1753 567 1807 647 l.)!
1834 567 2058 632 Germanicum
2083 570 2183 654 igitur

367 671 503 733 missum
527 670 689 736 faciamus

474 776 549 840 Huc
572 776 693 840 aceedit
715 776 802 840 aliud
825 778 913 860 quid,
942 798 1006 861 quo
1031 777 1236 856 Laolrmanni,
1260 779 1379 842 b'reieri
1403 778 1611 862 Cramerique
1635 780 1742 863 opinio
1766 783 1893 844 corruit.
1941 781 2073 848 Minime
2097 786 2182 848 eninr

368 885 445 947 mibi
469 883 681 968 persuadetur
704 889 841 967 poetam,
873 884 899 947 si
923 891 1109 967 regnantem
1132 885 1294 949 Tiberium
1328 886 1479 949 carminis
1512 891 1679 968 patronum
1706 886 1855 970 elegisset
1878 891 1999 971 (quem,
2027 892 2053 954 si
2078 891 2181 955 solum

369 1011 466 1054 usum
491 991 620 1074 linguae
643 991 819 1072 intuemur,
850 997 1013 1054 recturum
1047 992 1109 1054 diei
1133 993 1276 1075 potuisse
1300 992 1450 1073 concedo,
1482 1012 1557 1056 cum
1590 992 1629 1055 ad
1660 1013 1696 1056 ea
1721 999 1862 1076 tempora
1886 1001 1978 1076 poeta
2001 999 2183 1080 respiceret,

371 1097 491 1182 quibus
523 1097 577 1161 ille
601 1097 750 1180 Augusto
774 1098 917 1162 nondum
941 1099 975 1160 in
1000 1117 1097 1182 regno
1126 1103 1346 1180 successerat),
1378 1101 1508 1163 omnino
1537 1099 1634 1162 ullam
1658 1099 1774 1163 Rhodii
1808 1119 1954 1164 secessus
1986 1105 2181 1170 mentionem

370 1206 530 1268 fracturum
563 1205 677 1282 luisse3
712 1225 795 1288 (quiae
829 1225 923 1288 quam
959 1205 1069 1269 odiosa
1093 1207 1122 1269 ei
1146 1205 1252 1287 brerit,
1284 1225 1326 1270 ex
1354 1205 1596 1270 narratiuncula
1619 1208 1835 1290 comperimus
1860 1207 1997 1290 quedam
2023 1207 2182 1294 Suetonii,

369 1313 422 1395 qui
449 1313 526 1376 haee
549 1312 588 1375 de
610 1311 733 1377 Tiberio
756 1313 861 1396 prodit
894 1312 970 1394 (Tib
1006 1313 1076 1392 diij:
1109 1312 1315 1395 „Xenenem,
1343 1315 1461 1396 inquit,
1495 1313 1655 1396 quendam
1686 1314 1881 1397 exquisitius
1915 1317 2180 1381 sermocinantem

369 1438 443 1483 cum
486 1421 726 1503 interrogasset,
768 1439 925 1503 quaenam
966 1420 1022 1483 illa
1054 1427 1117 1483 tam
1152 1418 1285 1482 molesta
1317 1420 1468 1484 dialectos
1502 1425 1596 1500 esset,
1628 1421 1744 1485 etille
1777 1421 1994 1504 respondisset
1982 1420 2182 1504 tDoridem,

368 1527 519 1610 relegarit
539 1525 919 1608 Cinarianr,erristin1ans
939 1526 1163 1610 exprobratum
1183 1526 1244 1590 sibi
1263 1531 1402 1590 veterem
1422 1545 1585 1590 secessum
1591 1528 1702 1609 ,quod
1718 1526 1832 1591 Dorice
1844 1528 1959 1590 Rhodii
1983 1530 2117 1612 loquant
2105 1533 2181 1594 tur‘.

368 1632 430 1696 Hie
463 1635 635 1718 quisquam
667 1633 792 1718 praeibit
823 1633 992 1698 Manilium
1028 1633 1065 1696 de
1098 1634 1232 1696 oonsilio
1261 1641 1405 1717 tempora
1436 1633 1491 1696 illa
1527 1635 1709 1698 tristissima
1736 1636 1770 1697 in
1805 1642 1945 1699 urentem
1982 1637 2181 1720 imperatoris

368 1742 548 1805 revocasse!
597 1740 667 1804 Hoc
700 1741 788 1804 omni
821 1747 905 1804 caret
936 1739 1163 1824 probabilitate.
1229 1740 1387 1816 Quartum
1424 1741 1523 1824 igitur
1566 1739 1683 1805 librum
1722 1747 1816 1824 poeta
1849 1742 1998 1826 Augusto
2040 1743 2182 1826 principe

368 1850 554 1932 composuit

474 1955 542 2019 Nec
574 1955 666 2020 aliter
698 1955 737 2019 de
771 1955 882 2038 quinto
914 1953 993 2017 libro
1027 1959 1212 2018 statuemus.
1269 1953 1395 2017 Etenim
1430 1960 1466 2019 ut
1498 1975 1572 2018 cum
1601 1954 1721 2018 Jacobu
1752 1956 1835 2019 ultra
1867 1958 2007 2040 Augusti
2040 1963 2183 2040 tempora

369 2062 609 2150 descendamus,
624 2081 728 2146 neque
748 2063 919 2145 exprimis
943 2063 1039 2125 huius
1059 2061 1130 2124 libri
1150 2060 1257 2125 verbis
1277 2061 1348 2142 ,Hic
1366 2061 1484 2143 aliquis
1506 2061 1629 2124 finisset
1648 2068 1737 2144 opus‘
1757 2063 1881 2126 efficere
1900 2083 2041 2146 possum,
2065 2064 2183 2146 quibus

368 2169 473 2233 verbis
501 2169 599 2233 Jacob
627 2170 846 2233 intermissum
875 2169 1075 2252 aliquamdiu
1103 2169 1246 2232 studium
1275 2167 1447 2251 significari
1476 2169 1646 2250 existimat,
1674 2188 1780 2251 neque
1800 2170 1829 2232 ei
1857 2189 1970 2234 versus
1990 2171 2182 2236 documento

369 2282 454 2358 sunt,
487 2297 569 2360 ques
592 2278 677 2341 idern
702 2277 751 2339 vir
774 2275 888 2339 doetus
911 2276 949 2339 de
973 2277 1094 2339 theatro
1119 2275 1250 2358 Pompei
1275 2274 1413 2338 flammis
1431 2274 1600 2358 absumpto
1623 2277 1857 2358 interpretatur,
1889 2278 1974 2360 quod
1999 2297 2033 2341 se
2056 2281 2182 2342 restitu-

368 2392 476 2448 turum
507 2404 578 2448 esse
607 2383 752 2446 Tiberius
785 2383 977 2466 promiserit;
1012 2383 1098 2465 quod
1129 2402 1210 2466 opus
1246 2401 1422 2464 quamquam
1457 2382 1676 2465 imperfectum
1713 2382 1857 2446 'liberius
1888 2385 2053 2467 reliquerit
2083 2387 2180 2464 (diret.

367 2490 432 2553 Tib.
465 2495 536 2575 47),
567 2497 674 2554 tamen
709 2490 787 2552 nihil
820 2496 943 2573 poetam
972 2489 1127 2572 impedire
1164 2489 1324 2573 potuisse,
1357 2489 1530 2570 quominus
1563 2489 1645 2552 hanc
1678 2491 1710 2552 in
1745 2509 1820 2552 eum
1854 2490 1982 2553 laudem
2017 2498 2181 2574 poetarum

369 2618 456 2662 more
476 2599 646 2676 conformet
667 2617 741 2681 ergo
753 2595 921 2660 Manilium
941 2598 1019 2660 haec
1037 2605 1108 2680 post
1127 2616 1248 2660 annum
1270 2597 1321 2676 22,
1341 2601 1437 2678 quot
1425 2597 1582 2659 theatrum
1602 2597 1726 2659 restitui
1746 2603 1892 2679 coeptum
1911 2599 1952 2660 sit
1954 2599 2143 2680 ,scripsisse
2151 2599 2180 2674 *1

477 2707 626 2769 Attamen
662 2705 701 2769 de
733 2704 854 2768 theatro
888 2703 1082 2787 Pompeiano
1115 2709 1207 2787 poeta
1240 2704 1372 2766 omnine
1406 2722 1469 2766 non
1502 2701 1654 2786 loquitur.
1710 2701 1803 2778 Quod
1837 2711 1874 2767 ιιι
1906 2704 1997 2787 plene
2030 2711 2062 2768 et
2089 2705 2182 2788 plano

368 2813 580 2896 intellegatur,
604 2817 704 2876 totum
730 2812 837 2875 locum
861 2809 1056 2874 exscribam:

632 2935 661 2996 V
688 2938 751 3000 505
797 2937 842 2999 At
829 2943 936 2999 teum
963 2936 1123 3019 Cassiope,
1147 2935 1196 2998 bis
1221 2936 1311 2999 denis
1335 2934 1482 3018 partibus
1506 2936 1593 3016 actis,

796 3043 956 3126 Aequorei
980 3043 1109 3106 iuvenis
1133 3043 1245 3106 dextra
1269 3041 1308 3105 de
1331 3047 1419 3124 parte
1443 3043 1591 3124 resurgit,

796 3150 944 3213 Artifices
969 3151 1038 3212 auri
1060 3149 1163 3230 saciet,
1187 3150 1244 3231 qui
1267 3148 1352 3212 mille
1375 3147 1488 3231 liguris

795 3257 928 3320 Vertere
952 3276 1033 3339 epus
1057 3257 1181 3338 possint
1203 3273 1357 3338 caraeque
1382 3255 1549 3338 adquirere
1572 3255 1678 3319 dotem

797 3363 947 3426 Materiae
971 3370 1001 3425 et
1025 3363 1164 3446 lapidum
1189 3363 1283 3425 vivos
1306 3362 1441 3426 miseere
1465 3361 1592 3426 colores.

688 3472 751 3533 510
797 3470 883 3533 Hine
906 3476 1044 3553 augusta
1067 3470 1171 3532 nitent
1194 3470 1324 3532 sacratis
1348 3488 1481 3532 munera
1504 3468 1639 3550 templis,

798 3578 905 3640 Ainea
928 3576 1087 3640 Phoebeis
1110 3577 1261 3640 certantia
1284 3576 1408 3639 lumina
1430 3573 1577 3656 flammis

798 3683 1071 3767 Gemmarumque
1093 3683 1198 3765 iubar,
1221 3682 1383 3746 radiantes
1404 3681 1534 3745 lucibus
1556 3683 1655 3765 ignes.

796 3789 882 3854 Hinc
900 3790 1053 3874 Pompeia
1075 3796 1208 3854 rnaneut
1231 3791 1348 3854 veteris
1372 3794 1580 3852 monuments
1603 3789 1755 3872 triumphi

797 3897 849 3982 [Et
873 3897 961 3980 qued
984 3904 1050 3961 erat
1073 3917 1208 3982 regnum
1232 3897 1367 3981 pelagus
1390 3897 1451 3960 fuit
1476 3916 1538 3960 uua
1562 3895 1732 3978 malorum]

687 4007 750 4067 515
796 4004 867 4067 Non
893 4005 1050 4067 exstincta
1073 4004 1161 4068 *lues
1186 4023 1377 4088 semperque
1401 4004 1539 4066 recentia
1561 4002 1698 4066 flammis

797 4111 839 4173 ldt
861 4109 1083 4175 Mithridateos
1106 4113 1216 4176 vultus
1239 4111 1351 4175 induta
1374 4117 1508 4194 tropaea.

691 4203 695 4212 ⁴
798 4216 884 4280 Hine
906 4217 1104 4282 lenocinium
1126 4219 1246 4283 formae
1269 4219 1443 4301 cultusque
1467 4223 1612 4300 repertus

798 4324 955 4408 Corporis,
977 4330 1074 4407 atque
1096 4346 1173 4389 auro
1198 4327 1342 4410 quaesita
1365 4329 1414 4388 est
1437 4326 1539 4407 gratia
1560 4325 1684 4405 trontiS,

798 4431 924 4514 Perque
948 4439 1044 4515 eaput
1067 4431 1155 4495 ducti
1178 4431 1308 4516 lapideS,
1327 4451 1385 4516 per
1408 4431 1489 4494 colla
1511 4451 1702 4514 manusque,

687 4540 750 4600 520
796 4537 837 4603 llt
860 4538 996 4623 pedibus
1020 4539 1123 4603 niueis
1146 4537 1307 4602 fulserunt
1295 4543 1427 4603 taurea
1452 4538 1563 4600 vincla.

372 4685 417 4728 ιι.
444 4665 517 4743 514,
541 4685 635 4747 quem
661 4683 719 4726 nos
744 4662 923 4728 Bentleium
947 4665 1050 4728 secuti
1077 4664 1222 4746 eieimus,
1247 4661 1349 4725 Jacob
1373 4669 1445 4746 post
1467 4683 1512 4726 vs.
1539 4663 1602 4724 542
1626 4663 1803 4736 collocat;
1795 4682 1827 4724 ιιι
1852 4681 1950 4725 versu
1975 4669 2079 4723 auteur
2108 4661 2181 4740 515,

373 4773 429 4855 qui
449 4793 468 4834 ιι
486 4770 631 4835 Bentleio
652 4770 734 4833 delet
721 4777 785 4850 tur,
807 4789 863 4853 pro
888 4769 954 4835 lues
972 4770 1083 4834 scribit
1070 4772 1177 4853 tocie,
1201 4770 1259 4833 hac
1279 4787 1358 4833 voce
1376 4769 1457 4832 bella
1476 4769 1582 4832 civilia
1601 4769 1772 4852 significari
1794 4767 1923 4831 arbitret
1911 4774 1973 4849 tus,
1996 4787 2079 4849 quae
2102 4767 2179 4828 nihil

373 4881 401 4942 ei
425 4878 590 4942 obfuerint.

372 5003 584 5012 ——---—·

480 5072 505 5142 t²)
523 5071 615 5140 Jacob,
635 5072 726 5140 Progr.
746 5072 845 5126 hubae.
867 5071 935 5126 1836
954 5089 979 5141 p.
1002 5074 1042 5126 13.
1062 5074 1090 5125 et
1108 5071 1232 5126 editionis
1252 5089 1276 5140 p.
1296 5069 1371 5124 XVl.
