4854 5816
242 615 387 680 Primum
407 619 514 679 autem
535 613 574 677 de
592 610 735 676 aedificio
755 611 862 694 aliquo
882 615 1047 675 exstructo
1068 611 1119 674 bio
1138 613 1269 694 eogitari
1288 613 1388 675 totius
1407 612 1467 674 loci
1488 611 1644 674 sententia
1663 617 1757 690 vetat,
1780 611 1879 673 imme
1899 610 2048 693 postulat,

241 731 277 787 ut
309 728 341 786 et
373 722 411 786 de
444 719 595 805 operibus
628 717 861 782 bracteaterum
893 719 1196 800 inaureaterumque
1229 727 1294 782 arte
1323 719 1445 782 ornatis
1477 723 1509 782 et
1541 718 1579 781 de
1611 717 1748 800 gemmis
1780 719 1866 780 varia
1904 717 2048 781 colorum

239 828 476 914 pulchritudine
505 824 723 891 renidentibus
752 826 918 908 cogitetur,
947 845 1084 908 quarum
1115 831 1193 888 teste
1222 825 1326 888 Plinio
1350 824 1390 888 H.
1415 824 1453 888 N.
1478 823 1694 900 XXXVIII,
1719 825 1759 887 12
1784 825 1848 886 vim
1877 825 2049 887 maximam

242 935 413 1018 Pompeius
446 954 487 998 ex
511 935 589 997 Asia
621 931 757 996 Romam
790 931 959 996 transtulit.
1006 930 1130 996 Deinde
1163 933 1240 996 aciei
1273 951 1385 996 vocem
1409 951 1465 1016 per
1497 951 1531 996 se
1561 933 1695 1014 positam
1724 931 1763 994 de
1787 931 1879 994 bellis
1902 929 2050 994 civilibus

241 1041 380 1125 intellegi
412 1060 505 1125 posse
533 1059 624 1124 nege.
681 1037 764 1114 Quid
789 1040 822 1100 ui
847 1039 1021 1101 litterarum
1047 1038 1163 1102 duetus
1187 1040 1289 1102 secuti
1312 1059 1368 1123 pro
1393 1037 1443 1102 luo
1470 1038 1649 1102 scribamus
1678 1037 1735 1114 die,
1765 1044 1801 1101 ut
1831 1036 2051 1121 significentur

243 1153 447 1212 monumenta
470 1148 620 1231 temporis
643 1146 851 1210 diuturnitate
876 1165 939 1208 non
960 1144 1077 1208 dolen?
1101 1144 1189 1221 Quae
1212 1147 1427 1231 interpretatio
1453 1152 1487 1209 ut
1509 1145 1547 1208 ad
1573 1164 1704 1209 sensum
1729 1164 1881 1208 versuum
1905 1146 2050 1228 proxime

243 1256 498 1319 antecedentium
523 1255 641 1338 optime
665 1252 809 1336 quadrat,
832 1253 875 1316 ita
897 1253 1040 1335 apprime
1064 1253 1304 1316 commendatur
1327 1252 1473 1318 versibus
1497 1251 1756 1335 insequentibus,
1780 1253 1929 1336 queniam
1955 1252 2048 1315 ctiam

241 1363 289 1425 liis
314 1363 352 1426 de
376 1363 464 1426 vario
489 1362 720 1424 lenociniorum
743 1377 861 1443 genere
883 1377 1082 1442 gemmarum
1108 1362 1247 1423 maxime
1270 1360 1405 1443 aurique
1429 1361 1558 1424 luxuria
1581 1361 1752 1443 conspicuo
1776 1363 1889 1442 agitur.

348 1468 470 1545 Quodsi
495 1470 572 1532 baec
604 1466 739 1531 anobis
763 1471 846 1528 recte
870 1465 1030 1548 disputata
1054 1473 1141 1547 sunt,
1170 1469 1326 1550 sequitur,
1349 1473 1386 1530 ut
1408 1473 1535 1550 poetam
1560 1472 1663 1530 totum
1688 1486 1769 1550 opus
1794 1467 1942 1548 Augusto
1976 1467 2049 1528 rivo

241 1578 459 1660 composuisse
487 1581 518 1640 et
546 1575 621 1639 huie
644 1574 778 1658 principi
804 1573 965 1636 dedicasse
989 1577 1176 1638 statuamus.
1223 1573 1502 1638 Perscrutabimur
1520 1575 1620 1658 igitur
1643 1573 1787 1656 singulos
1811 1572 1907 1647 locos,
1930 1572 2051 1656 quibus

240 1684 394 1767 principis
418 1684 613 1746 mentionem
635 1682 720 1762 facit,
745 1686 779 1744 ut
803 1679 977 1757 rideamne,
1001 1700 1080 1744 uum
1105 1682 1261 1754 sententia
1285 1689 1393 1744 nostra
1416 1687 1498 1745 stare
1521 1681 1628 1765 possit.

347 1792 396 1853 Ao
414 1791 516 1874 primo
537 1789 665 1872 quidem
685 1788 755 1850 loco
780 1806 825 1850 vs.
849 1790 900 1850 17
928 1806 997 1869 sqq.
1022 1787 1169 1851 afferendi
1190 1795 1275 1870 sunt,
1294 1807 1311 1850 e
1330 1789 1494 1872 prooemio
1514 1788 1644 1870 quidem
1665 1787 1853 1870 deprompti,
1877 1807 1941 1870 quo
1961 1794 2050 1870 poeta

241 1915 276 1960 se
300 1897 424 1960 divinas
448 1903 532 1960 artes
557 1896 596 1958 de
620 1895 706 1958 eaelo
730 1893 944 1957 deducturum
968 1912 1039 1958 esse
1063 1894 1154 1958 dicit:

561 2019 576 2082 I
602 2021 619 2081 7
666 2018 765 2082 Hune
788 2019 866 2083 1111111
890 2023 936 2100 tu,
959 2018 1084 2100 Caesar,
1105 2021 1224 2102 patriae
1248 2021 1460 2104 princepsque
1484 2027 1643 2104 paterque,

668 2125 730 2201 Qui
753 2126 839 2210 rogis
861 2126 1008 2208 augustis
1030 2131 1194 2208 parentem
1218 2126 1341 2210 legibus
1366 2127 1472 2191 orbem

667 2232 929 2316 Concessumque
952 2233 1033 2316 patri
1057 2233 1216 2297 mundum
1240 2233 1320 2298 deus
1343 2235 1411 2319 ipse
1435 2235 1573 2314 mereris,

581 2343 621 2403 10
667 2337 732 2403 Das
756 2341 898 2403 animum
922 2341 1071 2422 viresque
1093 2339 1170 2403 facis
1193 2341 1231 2404 ad
1256 2347 1343 2405 tanta
1366 2341 1509 2405 canenda
1531 2389 1538 2403 .
1563 2389 1570 2402 .
1598 2389 1605 2403 .

580 2449 620 2511 12
667 2446 739 2510 Hoc
763 2445 823 2510 sub
845 2465 924 2530 pace
948 2452 1039 2509 vacat
1062 2452 1201 2527 tentum;
1225 2448 1315 2511 iuvat
1338 2449 1384 2512 ire
1407 2468 1463 2533 per
1486 2449 1591 2531 ipsum

667 2557 752 2618 Abra
775 2559 805 2616 et
828 2554 987 2616 immenso
1012 2555 1200 2637 spatiantem
1224 2556 1333 2620 vivere
1357 2555 1453 2619 caelo.

348 2679 551 2762 Quamquam
575 2699 615 2744 ex
636 2680 732 2743 nudis
752 2679 897 2742 Caesaris
915 2679 965 2742 vel
986 2681 1126 2763 Augusti
1145 2679 1421 2764 appellationibus,
1444 2679 1562 2764 quibus
1582 2685 1706 2764 poetam
1726 2699 1782 2764 per
1800 2685 1901 2744 totum
1922 2699 2051 2743 carmen

242 2789 379 2850 invicem
411 2785 449 2848 de
479 2805 546 2848 une
576 2785 754 2868 eodemque
784 2787 832 2849 uti
860 2786 1002 2868 principe
1029 2787 1109 2849 mibi
1133 2793 1271 2868 constat,
1299 2787 1338 2849 ad
1369 2793 1539 2871 patronum
1565 2788 1716 2852 carminis
1740 2787 1967 2866 deliniendum,
1990 2789 2051 2849 rrisi

241 2895 303 2956 alia
332 2891 487 2955 accedunt
514 2892 646 2974 indicia,
679 2893 757 2956 nihil
789 2911 847 2956 nos
878 2893 995 2955 lucrari
1024 2894 1178 2974 concedo,
1211 2893 1470 2977 quandoquidem
1503 2913 1615 2958 omnes
1646 2914 1748 2978 usque
1783 2895 1822 2958 ad
1850 2894 2050 2958 Hadrianum

242 3000 402 3083 principes
425 2998 568 3064 Caesaris
596 3001 727 3063 nominc
751 2998 1007 3083 appellabantur,
1034 3005 1105 3080 pest
1126 2999 1327 3064 Hadrianum
1353 3011 1460 3065 autem
1484 3020 1595 3065 eorum
1619 3001 1677 3064 lilii
1701 3001 1922 3086 heredesve21)
1947 3007 2052 3066 tamen

243 3126 308 3168 non
333 3104 458 3190 dubito,
488 3108 567 3190 quin
593 3108 833 3190 unusquisque,
862 3107 924 3169 uisi
947 3107 1161 3190 praeiudicata
1184 3109 1334 3191 opinione
1358 3107 1474 3172 duetus
1499 3109 1554 3190 sit,
1581 3109 1638 3172 hos
1666 3127 1781 3172 versus
1806 3109 1845 3172 ad
1869 3108 1901 3172 C.
1925 3107 2051 3172 Julium

243 3211 407 3276 Caesarem
431 3211 643 3278 Octavianum
672 3215 858 3297 Augustum
888 3213 1007 3277 referat.
1054 3213 1117 3278 Hic
1147 3220 1235 3298 pater
1262 3216 1380 3298 patriae
1403 3214 1595 3299 appellatus,
1624 3216 1675 3278 bie
1702 3221 1738 3279 ut
1766 3221 1858 3279 antea
1886 3215 2053 3279 illelius

243 3319 356 3382 Caesar
379 3319 473 3383 vivus
498 3319 606 3384 divine
636 3322 756 3384 honore
780 3321 943 3404 diguatus,
971 3321 1022 3384 hie
1049 3320 1142 3385 bellis
1166 3321 1313 3386 civilibus
1337 3322 1465 3385 tandem
1488 3321 1588 3388 finitis
1610 3322 1650 3385 ab
1673 3321 1846 3404 Horatio,²)
1870 3322 2052 3406 Vergilio,³)

242 3425 312 3487 aliis
332 3433 369 3488 ut
391 3427 478 3508 pacis
501 3429 662 3491 restitutor
685 3428 821 3491 summis
845 3426 994 3490 laudibus
1018 3427 1120 3492 elatus
1144 3433 1200 3491 est.
1216 3427 1382 3492 -Contra
1403 3448 1439 3492 ea
1462 3428 1618 3509 Tiberius,
1642 3430 1736 3492 cuius
1759 3431 1791 3492 in
1815 3429 1954 3492 honores
1977 3429 2053 3492 liner·

242 3531 324 3595 {licta
348 3551 418 3594 esse
444 3531 623 3597 lachmann
647 3539 679 3598 et
701 3533 809 3599 Preier
831 3534 1045 3616 contendunt,
1068 3537 1207 3619 Augusti
1235 3553 1351 3600 nomen
1381 3554 1445 3599 nen
1474 3536 1599 3617 dilexit,
1627 3537 1724 3599 nullis
1751 3537 1814 3598 nisi
1837 3537 1876 3598 ad
1900 3555 1993 3620 reges
2017 3557 2053 3598 no

241 3639 393 3719 dynastas
422 3639 569 3722 epistulis
593 3641 708 3705 addere
731 3643 859 3724 solitus,
885 3644 983 3726 patris
1013 3661 1086 3706 vero
1113 3644 1233 3726 pabiae
1256 3642 1498 3727 appellationem
1527 3643 1774 3707 obstinatissime
1797 3645 1993 3723 recusavit,⁴)
2019 3651 2054 3707 ut

241 3743 333 3808 valde
357 3747 398 3808 sit
422 3746 567 3830 dubium,
600 3769 679 3812 num
703 3747 855 3814 Manilius
887 3755 1057 3832 patronum
1091 3751 1241 3813 carminis
1274 3751 1352 3834 ipsis
1375 3751 1424 3812 his
1458 3749 1645 3814 nominibus
1673 3750 1831 3814 allocutus
1861 3751 1909 3812 sit.
1960 3747 2053 3824 Quod

241 3856 346 3914 autem
375 3851 483 3916 Praier
515 3874 625 3936 pacem
664 3855 749 3919 illam
785 3862 860 3918 ante
894 3854 1059 3919 Octaviani
1092 3857 1232 3940 Augusti
1269 3861 1402 3920 mortem
1436 3856 1476 3919 ob
1509 3855 1684 3920 Germanos
1719 3859 1871 3920 nimirum
1910 3857 2052 3919 norulum

241 3957 390 4022 subactos
415 3978 455 4022 ne
480 3961 511 4022 in
536 3979 591 4044 spe
616 3962 745 4044 quidem
769 3963 868 4026 luisse
889 3983 1014 4026 summa
1037 3983 1108 4028 mea
1127 3963 1334 4028 admiratione
1358 3963 1502 4036 affirmat,
1525 3965 1602 4028 haec
1628 3964 1728 4028 Vellei
1750 3963 1907 4027 Paterculi
1928 3963 1972 4042 (ll
1998 3965 2053 4042 89)

242 4065 338 4129 verba
369 4069 555 4150 apposuisse
584 4067 733 4132 sufficiat:
768 4071 900 4150 „Caesar
927 4089 1075 4133 reversus
1104 4072 1137 4133 in
1165 4070 1288 4134 ltaliam
1318 4079 1413 4154 atque
1442 4071 1551 4135 urbem
1582 4091 1645 4154 quo
1674 4091 1826 4152 occursu,
1854 4090 1917 4153 quo
1945 4071 2053 4133 favere

350 4333 375 4395 1)
395 4331 572 4400 Chrisbrpbus
583 4331 725 4400 Selroener,
740 4333 958 4388 dio'litulaturan
975 4335 1022 4386 der
1035 4351 1116 4388 roem
1130 4334 1232 4388 Kaisar.
1257 4337 1325 4390 ,lom
1339 4337 1438 4390 Seruio.
1459 4337 1554 4391 Plrilol.
1576 4337 1679 4402 llrlang.
1696 4336 1747 4390 rol.
1763 4336 1789 4390 ll
1807 4335 1881 4390 1881.
1898 4353 1921 4404 p.
1942 4339 1993 4388 aru
2014 4354 2052 4404 aq.

350 4423 376 4482 21
396 4421 460 4476 lior.
480 4437 503 4474 o.
523 4421 561 4474 ll'
583 4422 641 4488 lud
702 4425 757 4490 tua,
777 4423 882 4490 Caesar,
901 4427 975 4478 aetas
994 4465 1001 4477 .
1021 4465 1053 4477 ..

705 4554 710 4565 .
732 4554 737 4565 .
758 4553 763 4565 .
784 4528 901 4566 vacuum
921 4512 1020 4566 duellis

703 4599 801 4654 lanum
822 4601 927 4666 Quirini
946 4601 1049 4656 elausit.

243 4687 315 4742 Suet.
338 4690 405 4756 ring.
425 4689 459 4740 22
478 4685 575 4741 lanum
596 4687 746 4754 Quirinum,
766 4689 846 4743 sernel
867 4693 948 4758 atque
968 4691 1066 4745 iterum
1085 4707 1102 4744 a
1120 4693 1228 4745 condita
1247 4693 1312 4745 urbo
1331 4695 1393 4746 aute
1413 4694 1568 4748 memoriam
1593 4711 1670 4748 suam
1690 4695 1821 4762 telensem,
1842 4695 1869 4746 in
1890 4693 1975 4748 multo
1994 4694 2053 4746 bre-

243 4775 316 4828 viore
334 4779 460 4846 temporis
479 4777 566 4846 spatio
585 4783 656 4832 terra
675 4778 795 4846 ruariquo
815 4795 880 4848 pace
900 4785 974 4848 parta
992 4783 1033 4834 ter
1051 4779 1141 4835 clusit.

350 4867 377 4934 3)
395 4867 475 4932 Vorg.
488 4869 552 4920 dou.
572 4867 584 4920 l
604 4867 657 4920 eru
703 4867 871 4922 (laudentur
889 4867 958 4922 Belli
978 4873 1082 4938 portam
1109 4869 1194 4924 Furor
1213 4871 1314 4938 impius
1335 4871 1408 4924 intus

706 4959 793 5012 Saeva
811 4959 907 5012 sedens
926 4974 1007 5027 super
1025 4975 1100 5014 arura
1118 4963 1145 5012 et
1163 4963 1270 5012 centum
1291 4959 1398 5013 rinctus
1417 4963 1492 5014 aenis

706 5048 768 5100 Post
788 5051 892 5118 tergum
912 5049 991 5101 nodis
1011 5049 1105 5102 tremet
1125 5049 1251 5103 horridus
1270 5065 1315 5102 ere
1334 5055 1453 5105 cruento.

349 5131 377 5202 4)
396 5131 469 5186 Suet.
489 5131 546 5188 lib.
566 5133 607 5187 26.
627 5135 670 5189 50.
690 5137 732 5191 67.
1498 5139 1504 5160 ”
