4854 5816
924 325 1260 400 ῃ--.].3.
1374 360 1405 366 .-

562 541 577 603 l
602 541 808 604 siveRomae
832 539 955 602 sivein
982 538 1092 619 lllyria
1115 559 1142 602 a.
1168 559 1198 601 u.
1223 559 1248 601 0.
1275 538 1337 600 770
1359 537 1493 601 fortasse
1518 541 1655 600 exeuute

546 647 577 710 lI
600 648 718 710 maiore
741 665 782 709 en
806 651 894 729 parte
918 653 949 709 et

527 753 576 816 777
599 773 799 838 perannum
826 753 887 816 771
913 754 947 815 70
971 753 1059 832 Asia,

532 860 576 923 lV
604 863 687 924 eirca
710 861 839 924 initium
863 861 938 924 anni
963 860 1026 922 772
1050 858 1177 939 ibidem,

549 967 579 1029 V
604 987 669 1030 non
694 971 766 1031 ante
789 986 910 1030 annum
937 968 999 1029 775
1023 969 1090 1032 sive
1114 966 1199 1030 baud
1221 968 1265 1030 ita
1289 967 1389 1030 multo
1414 971 1493 1049 post.

368 1085 495 1161 Quibus
527 1082 735 1167 opinionibus
767 1083 960 1166 impugnans
994 1085 1030 1146 G.
1058 1081 1229 1164 Lauson,
1262 1083 1357 1146 bomo
1392 1081 1618 1164 Francogallus
1645 1080 1776 1162 ingenio
1810 1081 1874 1142 acri
1906 1086 1937 1143 et
1970 1079 2073 1142 sobrio

261 1194 389 1274 iudicio,
412 1191 556 1256 similiter
579 1197 675 1274 atque
698 1188 798 1253 Jacob
823 1191 1034 1254 astronomica
1066 1191 1109 1254 ita
1132 1189 1301 1254 arbitratur
1325 1189 1441 1272 scripta
1470 1207 1540 1252 0000
1575 1193 1631 1250 «ut
1653 1195 1725 1270 post
1748 1187 1823 1250 Vari
1848 1186 1968 1250 sladem
2002 1193 2074 1250 autc

261 1301 361 1364 editas
385 1319 427 1363 ex
451 1299 566 1362 Plento
594 1297 746 1380 epistulas
771 1296 875 1359 Ovidii
900 1301 1058 1377 (octavum
1082 1299 1167 1360 inter
1189 1302 1221 1360 07
1244 1297 1374 1360 tertium
1398 1295 1559 1360 decimum
1584 1296 1717 1376 annum)
1741 1295 1880 1377 prinum,
1903 1293 2075 1374 secundus,

262 1407 375 1470 tertius
398 1405 470 1468 libri
493 1406 612 1469 conditi
637 1405 711 1484 sint,
747 1409 883 1486 quartus
911 1423 985 1468 vero
1014 1411 1086 1488 post
1109 1403 1259 1468 Ponticas
1282 1403 1435 1488 epistulas
1460 1411 1532 1466 0070
1556 1401 1697 1484 Augusti
1722 1399 1843 1464 obitum
1868 1399 1995 1464 additus
2023 1402 2075 1481 sit,

262 1514 315 1578 sed
340 1513 474 1595 quintus
499 1513 549 1576 rel
573 1532 647 1575 cunr
672 1517 783 1594 quarto
807 1511 859 1574 rel
882 1513 1049 1595 posterius
1071 1510 1194 1574 Tiberio
1218 1512 1283 1574 ianr
1306 1516 1468 1593 regnante,
1491 1508 1595 1572 subici
1618 1508 1788 1590 potuerit».

370 1619 598 1684 Verumtamen
629 1619 805 1701 Augusto
838 1617 1059 1698 Kraemero,
1091 1619 1264 1681 novissimo
1296 1616 1544 1699 felicissimeque
1567 1616 1680 1678 barum
1709 1633 1815 1678 rerum
1846 1615 2075 1698 investigatori,

262 1727 412 1791 Manilius
432 1735 606 1809 ,postquam
620 1743 704 1788 anno
723 1745 751 1808 0.
763 1723 834 1788 Chr.
847 1745 875 1787 n.
896 1725 1016 1789 decimo
1036 1725 1163 1787 initium
1179 1724 1294 1788 edendi
1312 1725 1448 1804 70070007,
1466 1721 1610 1806 singulos
1629 1721 1693 1784 fere
1712 1722 1850 1803 singulis
1868 1723 1962 1785 annis
1977 1720 2075 1784 libros

234 1905 237 1912 ,
262 1835 482 1917 composuisse
506 1838 674 1914 totumque
699 1851 779 1914 opus
805 1852 908 1915 usque
932 1831 971 1894 ad
995 1831 1135 1914 Augusti
1158 1851 1279 1894 annum
1304 1830 1512 1894 emortualem
1536 1848 1636 1913 paene
1660 1827 1834 1892 confecisse
1858 1828 2001 1892 videtur!

367 1940 429 2003 His
468 1941 609 2002 virorum
639 1939 801 2001 doctorum
835 1939 1039 2020 opinionibus
1072 1938 1133 2001 sub
1165 1957 1231 2001 une
1263 1938 1416 2022 adspectu
1446 1937 1634 2019 propositis,
1674 1935 1752 2018 quid
1787 1941 1911 1998 nosmet
1942 1936 2003 2019 ipsi
2037 1935 2075 1998 de

263 2048 387 2111 Manilii
410 2052 511 2110 aetate
536 2063 738 2125 censeamus,
761 2045 931 2108 dicendum
955 2046 1022 2108 erit.
1069 2049 1116 2108 770
1140 2064 1180 2108 00
1203 2044 1320 2128 longus
1344 2045 1416 2122 sim,
1441 2043 1548 2107 statim
1572 2043 1774 2119 sententiam,
1805 2063 1887 2125 quae
1911 2043 1987 2106 mibi
2011 2041 2074 2105 ianr

264 2155 378 2218 abbinc
402 2153 512 2216 multis
536 2153 629 2215 annis
652 2150 717 2214 fixa
740 2156 810 2232 0707,
833 2151 997 2234 proferam.

370 2260 438 2324 Nos
462 2259 590 2342 quidem
616 2257 783 2321 Manilium
808 2278 890 2341 opus
913 2278 1008 2322 suum
1035 2258 1167 2323 Caesare
1191 2255 1364 2322 Octaviano
1390 2261 1538 2341 Augusto
1562 2261 1716 2339 regnante
1740 2257 1895 2340 incepisse
1919 2263 1950 2320 et
1973 2255 2075 2340 perle-

265 2369 345 2432 eisse
376 2386 568 2450 persuasum
600 2363 768 2445 habemus,
800 2385 875 2428 erun
903 2365 1029 2429 nullum
1061 2365 1347 2429 astronomicorum
1381 2384 1512 2428 versum
1543 2364 1773 2444 invenerimus,
1806 2383 1902 2446 quom
1932 2363 1970 2428 de
2002 2364 2075 2426 viro

265 2480 414 2559 Augusto
439 2474 622 2556 intellegere
646 2478 800 2552 vetemur,
824 2471 861 2535 de
883 2471 1006 2536 Tiberio
1030 2493 1157 2536 summa
1180 2491 1285 2536 rerum
1310 2473 1410 2556 potito
1434 2472 1634 2555 interpretari
1658 2469 1832 2534 iubeamur.

371 2581 464 2657 Quod
493 2587 530 2643 07
558 2578 747 2663 probemus,
778 2579 843 2641 noli
876 2579 1005 2660 timere,
1036 2598 1077 2644 ne
1101 2581 1228 2664 singula
1260 2599 1318 2642 000
1351 2581 1495 2642 virorum
1525 2578 1654 2641 illorum
1688 2577 1855 2641 doctorum
1887 2585 2076 2660 argumenta

262 2695 445 2773 repetamus
466 2687 664 2768 repetitaque
688 2687 874 2754 7070707000,
903 2688 1022 2770 quippe
1046 2707 1128 2770 quae
1151 2689 1214 2750 iam
1240 2693 1272 2750 et
1289 2685 1415 2750 Lansen
1435 2692 1467 2750 et
1489 2683 1643 2750 Kraemer
1672 2685 1778 2748 causis
1808 2684 1911 2748 allatis
1942 2684 1980 2747 ad
2005 2703 2075 2768 per-

266 2793 467 2859 suadendum
491 2792 677 2875 0077007070,
701 2793 911 2876 redarguerit;
938 2792 1131 2877 quibuscum
1152 2793 1236 2856 baud
1257 2813 1326 2856 raro
1350 2812 1401 2856 me
1425 2793 1605 2856 consentire
1634 2811 1698 2855 000
1723 2791 1897 2872 miraberis,
1921 2793 2075 2874 quoniam

264 2901 332 2964 lieri
358 2918 424 2961 non
456 2903 573 2981 potest,
604 2900 682 2981 quin
706 2900 825 2963 eisdem
858 2900 923 2964 l'ere
947 2919 988 2964 ex
1013 2919 1108 2985 opere
1138 2899 1312 2964 7700777000
1337 2899 1530 2983 depromptis
1560 2899 1758 2981 argumentis
1788 2905 1924 2962 utamur.
1972 2899 2074 2961 lmmo

265 3015 303 3070 ut
317 3024 429 3070 omnes
447 3023 501 3069 eos
519 3005 668 3068 carminis
688 3005 784 3086 70000,
808 3007 864 3090 qui
884 3006 1088 3071 dubitationis
1101 3027 1212 3070 ansam
1232 3006 1360 3087 habeut,
1382 3007 1426 3068 ita
1444 3011 1544 3068 totum
1565 3008 1695 3068 omuino
1714 3006 1927 3070 imitationum
1948 3004 2075 3068 ovidia-

266 3133 381 3176 narum
405 3132 523 3197 genus,
557 3113 675 3196 quippe
699 3113 783 3196 quod
808 3113 981 3177 admodum
1006 3115 1047 3178 sit
1069 3116 1241 3194 incertum,
1271 3115 1454 3176 omittemus
1477 3113 1523 3176 eis
1548 3113 1622 3176 solis
1644 3114 1749 3176 innixi
1773 3119 1883 3197 000700
1907 3112 2028 3193 verbis,
2058 3131 2075 3174 0

268 3219 388 3303 quibus
411 3220 488 3283 certi
512 3219 634 3302 aliquid
658 3220 697 3282 ad
722 3227 860 3284 nostram
885 3221 1073 3284 sententiam
1099 3220 1318 3285 stabiliendam
1342 3219 1434 3284 nobis
1457 3221 1573 3303 0077000
1596 3219 1751 3283 videmur.

371 3326 442 3402 tlara
464 3327 497 3389 in
523 3345 557 3389 re
576 3327 690 3390 iterum
711 3347 730 3389 a
749 3327 838 3390 clade
859 3326 998 3390 Variana
1015 3327 1210 3392 ordiundum
1234 3333 1292 3408 est,
1315 3328 1409 3392 euius
1428 3333 1464 3390 ut
1482 3327 1576 3389 modo
1595 3333 1741 3410 acceptae
1766 3333 1857 3410 poeta
1880 3327 2074 3390 mentionem

263 3435 354 3507 70077,
383 3433 469 3496 unde
493 3433 654 3496 communi
678 3434 819 3496 virorum
845 3433 1009 3498 doctorum
1035 3453 1197 3498 consensu
1221 3433 1374 3498 Manilius
1403 3435 1544 3517 primum
1567 3433 1686 3496 librum
1711 3439 1783 3518 post
1806 3454 1927 3496 armum
1954 3453 2074 3497 nouum

264 3539 428 3622 scripsisse
456 3545 594 3622 putatur.
646 3539 712 3603 Nec
741 3541 851 3604 minus
879 3545 963 3604 certo
996 3541 1114 3604 indicio
1147 3542 1175 3604 is
1198 3561 1303 3604 00000
1332 3540 1457 3604 definiri
1486 3547 1602 3624 petest,
1634 3549 1707 3605 unte
1736 3561 1831 3624 quem
1866 3541 2077 3604 astronomica

264 3646 436 3729 composita
460 3665 529 3710 esse
553 3646 694 3730 putanda
722 3653 806 3710 sunt.
873 3646 935 3710 Ubi
955 3649 1051 3728 enim,
1079 3667 1162 3732 quae
1187 3647 1246 3712 sub
1270 3647 1406 3731 singulis
1430 3647 1590 3712 sideribus
1611 3652 1732 3732 positae
1760 3649 1825 3712 siut
1847 3653 1963 3730 terrae,
1985 3653 2077 3731 00070

265 3752 365 3832 docet,
389 3753 427 3816 de
450 3753 584 3837 Virgine
608 3755 685 3817 haee
708 3753 814 3817 habet:

510 3867 557 3931 IV
582 3869 645 3932 763
690 3869 825 3952 Virgine
849 3870 909 3934 sub
934 3877 1019 3934 casta
1041 3871 1117 3935 felix
1142 3879 1288 3956 terraque
1313 3874 1457 3956 marique

691 3976 750 4040 Est
771 3977 910 4057 Rhodos,
934 3979 1107 4062 hospitium
1131 3980 1248 4043 recturi
1272 3980 1424 4062 principis
1447 3979 1566 4053 orbem,

690 4083 837 4167 Tumque
861 4085 975 4148 domus
998 4105 1073 4148 vere
1097 4085 1183 4165 solis,
1206 4089 1257 4150 007
1283 4091 1347 4149 7070
1371 4091 1490 4150 saerata
1512 4091 1570 4166 007,

692 4190 772 4254 Cum
797 4199 921 4274 caperet
943 4191 1052 4255 lumen
1075 4193 1183 4276 magni
1207 4192 1268 4255 sub
1293 4191 1425 4256 Caesare
1449 4192 1569 4256 mundi.
1579 4196 1602 4270 1)

373 4304 463 4381 Quae
487 4325 549 4368 non
575 4307 635 4369 nisi
661 4306 699 4370 de
717 4305 832 4370 Tiberii
856 4325 985 4370 secessu
1010 4307 1132 4371 Rhodio
1158 4328 1222 4371 non
1244 4308 1425 4372 voluntario
1445 4307 1656 4392 intellegenda
1676 4327 1745 4372 esse
1764 4310 1948 4373 etiamnunc
1972 4309 2077 4387 credo,

267 4433 464 4496 quamquam
479 4411 587 4476 Freier
605 4413 644 4476 ad
655 4411 878 4477 Germanicum
900 4413 975 4477 haee
994 4415 1091 4478 verba
1110 4414 1213 4497 refert,
1233 4435 1330 4498 quem
1351 4415 1505 4478 suadente
1523 4422 1613 4498 patre
1632 4416 1666 4477 in
1687 4417 1796 4480 Asiam
1816 4415 2077 4500 proficiscentem,

267 4525 303 4582 ut
326 4524 448 4582 motum
474 4521 626 4584 orientem
651 4527 786 4603 pacaret,
816 4540 898 4584 nave
932 4520 970 4583 ad
994 4520 1142 4586 Rhodum
1173 4523 1307 4606 appulsa
1339 4522 1461 4604 aliquot
1492 4520 1537 4583 ibi
1566 4521 1634 4584 dies
1657 4523 1755 4586 animi
1777 4523 1958 4587 remittendi
1982 4543 2077 4586 00000

266 4629 429 4690 versatum
461 4644 530 4690 esse
562 4626 740 4691 arbitratur.
749 4628 774 4707 ²)
821 4629 865 4692 At
893 4648 990 4711 quarn
1028 4629 1136 4712 ignota
1164 4630 1241 4692 baec
1278 4628 1458 4690 Germanici
1497 4627 1628 4692 fortuita
1660 4631 1867 4694 commoratio
1899 4649 1974 4714 prae
2005 4649 2077 4714 per·

267 4733 396 4816 uulgata
414 4733 469 4796 illa
487 4737 583 4815 atque
601 4733 719 4798 famosa
738 4733 868 4799 Tiberii!
893 4734 964 4798 Jam
986 4755 1063 4798 rere
1089 4737 1205 4798 recturi
1225 4735 1375 4818 principis
1395 4733 1581 4818 appellatio!
1607 4735 1709 4812 Quam
1729 4737 1894 4801 temeraria
1913 4757 2076 4820 quamque

376 4909 396 4976 ¹)
415 4909 538 4977 Namque
557 4912 662 4977 poetam
682 4911 748 4965 haee
767 4909 916 4965 adulatorie
936 4927 1016 4964 sensu
1035 4911 1124 4965 dicere
1143 4912 1266 4978 respectu
1285 4909 1412 4964 videlieet
1430 4909 1521 4966 babitu
1545 4913 1578 4966 ad
1602 4911 1644 4966 007
1652 4927 1745 4967 esaum
1768 4911 1846 4966 illum
1865 4911 2001 4968 Rhodium
2020 4912 2076 4969 Soli

268 4997 317 5051 deo
336 5001 532 5061 consecratum,
552 5015 603 5052 non
623 5002 665 5052 est
683 5017 733 5053 cur
752 4997 878 5068 pluribus
898 4999 1086 5053 demonstrem.

376 5085 397 5156 ²)
416 5085 525 5142 7007700
544 5103 604 5142 000.
624 5088 650 5141 ll
669 5091 703 5142 55
723 5090 756 5143 de
776 5088 908 5157 aliquot
926 5088 1057 5142 dierum
1075 5089 1226 5144 Gerrnauiei
1246 5089 1454 5144 commeratione
1474 5089 1580 5146 Rhodia
1598 5091 1706 5144 omnino
1724 5107 1777 5144 nen
1796 5090 1924 5161 loquitur.
