4854 5816
975 421 1409 492 .,-.-.7..--,

1102 629 1304 694 11111111.
1341 580 1345 590 ’

983 773 1034 838 De
1058 771 1102 839 ll.
1126 771 1265 838 Manllll
1290 772 1420 858 patrla.

403 951 474 1016 Jam
507 951 545 1015 de
573 953 698 1036 patria
726 953 797 1014 eius
825 950 1054 1014 disserentibus
1085 951 1179 1015 nobis
1208 952 1262 1013 vix
1286 971 1366 1035 opus
1395 957 1442 1014 est
1467 969 1577 1014 eorum
1612 951 1759 1034 plnrlbns
1787 951 1929 1016 refellere
1958 974 2105 1032 errorem,

298 1062 353 1144 qni
372 1081 445 1123 enm
466 1059 668 1142 peregrinum
689 1058 790 1122 fnisse
810 1059 1084 1121 existimaverunt.
1132 1057 1276 1133 Quorum
1301 1077 1412 1140 agmen
1438 1058 1561 1121 ‹lncnnt
1588 1057 1891 1122 Bonincontrins
1922 1068 1952 1124 et
1981 1060 2105 1124 11111111

296 1165 498 1248 Gyraldns,
522 1186 659 1250 quornm
683 1166 737 1229 ille
759 1167 793 1227 iu
817 1166 964 1228 editionis
988 1184 1064 1228 suae
1089 1164 1210 1228 Manilii
1232 1166 1435 1248 praefatione,
1458 1166 1509 1228 hic
1532 1166 1563 1227 iu
1590 1172 1702 1248 quarto
1727 1166 1765 1228 (le
1788 1159 1952 1248 poetarum
1978 1168 2106 1231 historin

294 1273 418 1356 dialogo
443 1273 537 1356 (locet,
561 1271 729 1336 Manilium
753 1279 876 1357 poetam
907 1293 970 1335 non
997 1273 1158 1336 diversum
1186 1272 1287 1335 fuisse
1317 1272 1355 1334 ab
1381 1292 1428 1354 eu,
1461 1273 1498 1336 de'
1526 1292 1590 1355 quo
1619 1272 1744 1336 l'liuins
1765 1271 1833 1350 Nat.
1863 1273 1944 1337 Hist.
1974 1274 2105 1338 XXXV

297 1381 358 1442 199
390 1381 468 1442 haec
500 1383 654 1458 namat:¹)
689 1389 796 1460 „creta
829 1381 1005 1459 argentaria
1035 1430 1039 1441 .
1071 1427 1077 1440 .
1107 1429 1112 1440 .
1141 1379 1239 1463 pedes
1272 1380 1434 1443 venalium
1468 1386 1556 1443 trans
1589 1381 1688 1442 maria
1721 1379 1924 1444 advectorum
1957 1382 2106 1446 denotare

293 1488 505 1550 instituerunt
527 1489 676 1564 maiorem
701 1486 860 1568 talemque
884 1485 1059 1550 Publilium
1102 1485 1292 1549 *Loehium
1317 1488 1463 1550 mimicae
1487 1506 1621 1550 scaenae
1646 1486 1840 1550 conditorem
1865 1494 1897 1550 et
1919 1489 2106 1572 astrologiae

294 1592 521 1657 consobrinum
551 1595 621 1658 eius
649 1591 817 1656 Manilium
845 1593 1058 1674 Antiochum,
1087 1595 1162 1656 11111
1191 1596 1414 1676 grammaticae
1442 1592 1622 1658 Staberium
1647 1593 1774 1656 Erotem
1806 1593 1913 1656 eadem
1944 1614 2026 1658 nare
2053 1595 2106 1658 ad-

298 1704 407 1762 vectos
426 1699 534 1764 videre
552 1702 687 1785 proavi.“
731 1698 793 1763 Sed
814 1719 878 1762 aon
898 1700 1002 1764 solnm
1024 1700 1101 1762 haec
1119 1699 1217 1762 Plinii
1236 1700 1343 1781 verba,
1366 1721 1383 1764 e
1403 1700 1531 1784 quibus
1554 1707 1591 1764 ut
1610 1702 1670 1764 hoc
1691 1701 1724 1762 in
1744 1707 1931 1764 transcursu
1951 1721 2107 1778 moneam,

296 1806 393 1868 simul
417 1812 517 1890 patet,
548 1809 634 1872 uude
658 1807 772 1872 titulus
807 1807 859 1871 ille
888 1807 1007 1870 codicis
1030 1807 1181 1870 Vossiani
1210 1807 1362 1890 deperditi
1398 1809 1552 1890 originem
1587 1801 1731 1879 duxerit,
1760 1807 1935 1888 Gyraldnm
1969 1829 2107 1871 commn-

297 1919 426 1990 rernnt,
450 1925 486 1978 ut
509 1917 793 1978 astronomicarum
819 1915 1015 1977 conditerem
1041 1917 1125 1978 inter
1147 1915 1331 1998 peregrinos
1358 1915 1497 1996 referret,
1520 1934 1633 1978 verum
1658 1916 1752 1979 etiam
1778 1916 1982 1998 inquinatnS,
2011 1935 2105 1998 quem

294 2020 381 2102 iliata,
402 2027 513 2104 poetae
538 2041 743 2104 sernia,an
769 2021 928 2084 hominem
952 2020 1133 2086 Romanum
1160 2040 1256 2084 nsum
1282 2041 1350 2085 esse
1374 2021 1412 2084 ab
1435 2023 1523 2084 omni
1546 2020 1768 2106 probabilitate
1791 2020 1980 2086 abhorreret.

402 2129 552 2190 Attamen
578 2135 614 2191 nt
632 2129 759 2191 interim
780 2129 936 2191 iniustum
957 2130 1027 2192 eins
1051 2128 1090 2192 de
1108 2129 1287 2192 elocutione
1306 2128 1429 2192 Manilii
1453 2129 1607 2192 indicium
1632 2131 1824 2208 omittamus,
1848 2130 1933 2211 quod
1959 2150 2021 2193 non
2043 2137 2104 2192 tani

297 2235 335 2296 de
358 2241 468 2317 poetae
492 2233 643 2317 loquendi
668 2255 730 2298 usn
755 2255 851 2318 quani
876 2235 915 2298 de
938 2237 1146 2319 pravissimis,
1170 2236 1390 2318 quibustuae
1414 2236 1594 2316 utebantur,
1622 2235 1818 2299 editionibus
1842 2235 2006 2300 ferendum
2032 2245 2107 2316 erat,

297 2341 437 2404 rirornm
459 2341 587 2404 illerum
608 2343 783 2406 sententiae
804 2362 843 2405 ne
863 2341 1114 2421 subscribamus,
1132 2343 1183 2406 rel
1203 2349 1381 2426 temporum
1409 2345 1547 2406 rationes
1571 2344 1766 2406 certissimae
1786 2342 1921 2406 obstant.
1959 2343 2107 2426 Namque

298 2447 475 2511 Staberium
497 2448 624 2512 Erotem
646 2449 738 2512 Bruti
758 2447 923 2532 Cassiique
947 2449 1047 2513 fuisse
1072 2451 1259 2530 magistrum
1280 2449 1485 2534 Sullanisque
1505 2449 1701 2532 temporibus
1720 2451 1970 2534 proscriptorum
1992 2450 2105 2514 liberos

297 2555 396 2634 gratis
428 2557 459 2616 in
496 2555 697 2638 disciplinam
730 2558 888 2640 recepisse
910 2555 1090 2620 'Suetonius
1121 2557 1159 2620 de
1188 2577 1319 2640 gramm.
1345 2579 1369 2620 e.
1399 2557 1482 2622 Xlll
1507 2565 1619 2620 narrat.
1666 2559 1964 2621 Astronomicorum
1998 2571 2104 2622 antem

295 2667 455 2723 auctorem
481 2673 553 2745 post
577 2663 698 2726 cladem
723 2663 906 2734 Varianam,
930 2683 1004 2726 cnm
1028 2664 1171 2728 nondum
1197 2683 1296 2728 senex
1321 2671 1413 2746 esset,
1437 2683 1564 2728 carmen
1589 2684 1684 2727 suum
1712 2663 1867 2742 condidit,
1893 2665 1931 2728 cf.

475 2769 489 2830 l
508 2768 702 2832 1111111111
721 2790 837 2854 magno
857 2769 997 2834 Fortuna
1017 2771 1116 2834 labori
1158 2769 1197 2836 ib.
1219 2773 1283 2834 899
1303 2771 1383 2834 Cum
1403 2770 1469 2834 fera
1488 2771 1650 2834 ductorem
1669 2773 1775 2855 rapuit
1794 2771 1963 2834 Germania
1975 2771 2105 2837 Varum.

404 2875 462 2938 Sed
489 2875 586 2938 alium
612 2895 753 2960 eumque
775 2877 1001 2959 gravissimum
1026 2877 1150 2941 Manilii
1174 2879 1422 2942 existimatorem
1448 2878 1613 2959 audimuS,
1634 2878 1856 2942 Bentleinm
1881 2880 1965 2958 dico,
1996 2883 2050 2964 qui
2075 2889 2106 2945 ct

297 2981 379 3062 ipse,
407 2982 433 3041 si
458 2981 588 3063 quidem
614 3002 712 3066 nepos
735 2986 922 3047 senteutiam
947 2987 1052 3068 patrui
1075 2993 1160 3048 recte
1189 2986 1220 3047 in
1252 2983 1456 3068 praefationis
1479 2987 1593 3068 pagina
1616 2985 1649 3047 X
1673 2986 1825 3068 reddidit,
1855 2989 2035 3070 suspicatus
2059 2996 2108 3052 est

297 3095 441 3170 „poetam
471 3089 572 3154 fnisse
596 3090 711 3154 alicubi
740 3091 870 3155 forsitan
900 3111 941 3154 eir
967 3094 1044 3156 Asia
1068 3093 1310 3176 peregrimum‘,
1343 3091 1428 3174 quod
1458 3111 1531 3154 cum
1555 3111 1597 3154 ex
1625 3092 1780 3175 singulari
1809 3095 1879 3156 eius
1903 3096 2104 3178 quorundam

297 3194 465 3259 verborum
490 3199 743 3278 constructione,
771 3207 839 3262 tum
865 3201 940 3280 quia
964 3219 1123 3282 nusquam
1149 3199 1309 3262 Romanos
1332 3198 1396 3262 illis
1419 3197 1541 3262 artibus
1565 3199 1642 3262 adeo
1673 3213 1796 3262 mature
1826 3218 1954 3283 operam
1984 3201 2107 3266 dedisse

295 3315 468 3385 appareret.
511 3303 619 3368 Liceat
638 3304 739 3380 nobis,
758 3325 854 3388 qnam
875 3306 929 3368 ille
949 3305 1089 3370 secundo
1108 3306 1176 3368 loco
1197 3307 1301 3369 attulit
1320 3325 1460 3378 causam,
1483 3307 1572 3388 prius
1592 3306 1790 3388 redarguere.
1830 3306 1991 3371 Romanos
2011 3309 2107 3391 scrip

298 3413 381 3470 tores
413 3411 473 3473 iani
510 3421 583 3474 ante
613 3411 780 3475 Manilium
815 3414 967 3476 scientiae
1000 3413 1123 3476 siderali
1155 3433 1282 3496 operam
1316 3433 1449 3476 narasse
1478 3419 1523 3492 et,
1557 3412 1712 3496 quidquid
1743 3413 1887 3475 rimando
1917 3415 2108 3495 invenerint,

297 3514 410 3578 litteris
445 3518 611 3580 mandasse
644 3525 780 3582 testatur
809 3519 848 3581 M.
871 3519 1008 3584 Terentii
1037 3519 1192 3582 Varronis
1226 3520 1465 3604 disciplinarum
1499 3519 1577 3582 liber
1607 3525 1735 3599 sextus,
1765 3521 1820 3602 qni
1854 3526 1940 3584 totns
1973 3529 2039 3584 erat
2069 3523 2107 3586 de

296 3623 515 3706 astrologia,²)
540 3630 673 3688 testatur
696 3625 729 3688 P.
756 3625 904 3710 Nigidius
928 3626 1109 3710 Figulus,³)
1133 3627 1226 3689 homo
1251 3629 1341 3690 iuxta
1366 3626 1543 3689 Varronem
1567 3634 1646 3690 teste
1671 3625 1771 3689 Gellio
1796 3627 2012 3706 doctissimus,
2041 3631 2108 3711 qni,

297 3735 334 3791 nt
352 3729 514 3794 Ciceronis
535 3731 638 3795 verbis
664 3739 743 3814 utar,
765 3752 838 3796 acer
856 3739 922 3796 erat
945 3736 1153 3816 investigator
1177 3739 1206 3796 et
1230 3733 1365 3816 diligens
1389 3752 1498 3796 earnm
1517 3753 1635 3812 rerum,
1659 3753 1741 3816 qnae
1766 3753 1784 3796 a
1808 3738 1923 3798 natura
1941 3737 2106 3800 involutae

298 3836 460 3915 videntur,
486 3841 580 3902 errius
604 3841 768 3922 sphaeram
792 3842 1010 3924 graecanicam
1035 3847 1066 3904 et
1090 3841 1284 3904 barbaricam
1309 3840 1440 3904 Servius
1464 3840 1636 3903 identidem
1661 3841 1783 3918 lanrlat3
1813 3845 1850 3902 nt
1874 3859 1937 3904 nou
1960 3862 2041 3925 opus
2065 3845 2106 3906 sit

298 3941 336 4004 ab
359 3943 482 4007 incerto
506 3945 542 4008 P.
565 3945 705 4009 Terentii
729 3947 884 4009 Varronis
907 3949 1035 4010 Atacini
1066 3950 1207 4012 carmine
1231 3949 1444 4011 astronomica
1470 3955 1623 4030 repetere,
1648 3946 1732 4029 quod
1758 3946 1809 4009 alii
1834 3947 2107 4032 chorographiam,

298 4052 570 4134 cosmographiam
594 4053 645 4116 alii
666 4055 852 4137 inscriptum
874 4054 971 4118 fnisse
992 4056 1187 4134 existimant,
1209 4054 1329 4118 nedum
1349 4053 1482 4137 Sulpicii
1503 4053 1594 4127 Galli,
1618 4054 1650 4116 C.
1672 4053 1752 4132 Gali,
1777 4053 1808 4115 11.
1827 4054 1946 4117 Tarutii
1968 4055 2107 4120 Firmani

297 4158 404 4220 studia
426 4159 614 4242 astrologica
637 4179 756 4222 eruam.

403 4268 452 4328 Ac
478 4285 516 4329 ne
540 4267 674 4330 alterurn
705 4267 833 4350 quidem
866 4277 1089 4347 argumentum
1115 4268 1254 4348 Bentlei,
1286 4268 1452 4332 edicendi
1485 4287 1602 4350 genere
1634 4270 1837 4348 arcessitum,
1869 4276 1952 4333 seire
1986 4273 2107 4353 poterit,

406 4495 431 4561 1)
451 4495 544 4564 Neque
562 4494 607 4549 ille
621 4496 750 4551 Manilius
765 4498 971 4552 mathematicus
990 4499 1043 4552 linc
1063 4499 1140 4564 facit,
1164 4499 1207 4568 qui
1228 4499 1377 4553 secuudum
1398 4498 1550 4552 rneinon'am
1572 4497 1760 4550 nonnullorum
1780 4497 1900 4550 codicum
1922 4497 2105 4554 Pliniannrum

298 4583 413 4636 obelisco
446 4585 478 4638 ad
503 4585 704 4654 deprendendas
728 4587 793 4640 solis
825 4587 934 4641 umbras
967 4588 993 4640 in
1018 4604 1112 4656 eaiupo
1142 4587 1238 4642 Martio
1264 4594 1364 4642 statuto
1393 4589 1425 4643 ab
1460 4591 1581 4657 Angusto
1614 4587 1706 4640 iussus
1735 4591 1855 4641 anratmu
1889 4586 1970 4654 pilnnr
2004 4589 2107 4642 addidit

299 4673 370 4742 (Nat.
392 4673 461 4726 llist.
480 4672 603 4726 XXXl'l
625 4675 670 4735 10,
691 4675 747 4741 f2);
774 4677 871 4730 etenim
896 4681 923 4729 et
941 4677 1003 4730 boui
1023 4676 1084 4730 libri
1108 4693 1154 4744 pro
1173 4677 1304 4730 Manilii
1324 4679 1422 4732 habeut
1441 4677 1523 4731 Nori
1545 4693 1653 4742 uenien,
1672 4693 1721 4730 neo
1739 4677 1823 4730 fuisse
1842 4675 1981 4729 Manilium
2002 4683 2106 4744 poetam

298 4763 413 4815 eundern
434 4762 653 4818 mathematicum
674 4765 863 4832 repugnantiae
882 4766 953 4819 hand
973 4766 1054 4832 leros,
1074 4783 1142 4834 quae
1162 4767 1187 4819 in
1208 4767 1393 4820 astronomicis
1412 4767 1472 4821 eius
1491 4769 1642 4830 occurrunt,
1662 4770 1801 4820 testantur.

405 4852 432 4916 2)
452 4853 491 4906 Cf.
511 4851 639 4906 Frielerici
659 4853 800 4907 Ritsohelii
820 4872 860 4923 op.
881 4855 919 4907 lll
941 4873 964 4922 p.
985 4857 1034 4909 :ier
1055 4859 1083 4908 et
1102 4855 1131 4910 Ο.
1153 4857 1268 4924 Grnppe,
1288 4855 1379 4910 Herm.
1400 4859 1430 4909 ll
1452 4873 1476 4924 p.
1498 4857 1549 4908 235
1569 4873 1607 4924 sq.

405 4941 578 5009 3111111111
607 4943 746 5013 Breyssig,
771 4945 803 4996 111
823 4943 924 5013 Nigidii
949 4943 1038 5014 Figuli
1064 4944 1222 5012 fragmentis
1247 4947 1316 5013 apud
1337 4945 1499 4999 sclinliasten
1522 4946 1674 5000 Germanici
1700 4944 1820 4996 serratis.
1877 4942 1993 4996 llcrolini
2027 4947 2100 4998 lth'il.

301 5059 333 5068 -
353 5031 490 5084 Arminius
510 5032 634 5102 Roelrrig.
654 5033 686 5084 de
705 5033 734 5086 P.
755 5033 863 5098 Nigidio
885 5033 976 5102 ligula
996 5035 1111 5103 t'oburgi
1136 5033 1203 5086 188?
1230 5053 1252 5102 p.
1273 5035 1307 5087 53
1326 5051 1365 5102 eq.
1393 5035 1548 5099 —Nigidii
1569 5034 1656 5102 Figuli
1677 5049 1787 5100 opernm
1808 5030 1882 5099 reliq.
1911 5033 1952 5084 ed.
1974 5035 2106 5086 Aiitunlns

299 5119 429 5174 Swoboda
442 5120 601 5188 Liparaea
621 5121 711 5188 ploti
731 5137 771 5190 sq.
791 5152 823 5160 -
844 5121 947 5176 Gellius
965 5123 998 5175 N.
1021 5123 1107 5176 ,1.11
1127 5125 1151 5175 11.
1172 5153 1204 5160 -
1225 5123 1431 5178 1111111111.
