4854 5816
1012 497 1278 582 4—‘20
1333 545 1492 554 --

453 719 497 783 Hi
520 721 619 803 igitur
641 719 703 783 loci
727 739 839 784 amnes
863 739 900 784 ea
924 740 984 784 nas
1009 720 1141 801 ducunt,
1164 727 1200 784 ut
1219 719 1385 784 Manilium
1411 720 1470 785 sub
1490 724 1640 808 Augusto
1660 725 1872 787 astronomica
1896 744 1954 788 sua
1977 725 2158 789 condidisse

347 826 542 890 arbitremur.
598 828 706 908 Atque
734 827 819 890 idem
840 825 997 910 probabiS,
1029 829 1056 891 si
1080 826 1201 891 Manilii
1229 845 1311 910 opus
1339 847 1413 891 eum
1438 829 1659 892 Germanici
1683 829 1836 893 Arateis
1859 832 2043 914 contuleris,
2075 851 2157 916 quae

346 932 484 996 Rudolla
508 931 695 1014 Merkeli01)
720 937 751 996 et
778 932 964 998 Hermanno
992 935 1104 999 Petere
1115 935 1138 1014 ²)
1162 933 1297 998 testibus
1331 954 1396 997 non
1428 936 1530 999 multo
1554 941 1626 1018 past
1653 934 1796 1018 Augusti
1820 935 1942 1000 obitum
1966 939 2158 1008 edilasunt

347 1038 573 1122 Compluribus
591 1041 677 1102 enirn
701 1040 778 1104 lacis
791 1039 940 1105 Manilius
965 1061 1030 1105 neu
1053 1041 1188 1106 aliorum
1210 1045 1373 1124 poetarum
1400 1062 1434 1106 se
1457 1043 1602 1108 insistere
1626 1043 1781 1126 vestigiis,
1804 1042 1860 1106 sed
1884 1063 1999 1108 novam
2023 1065 2159 1130 eamque

347 1146 541 1209 reconditam
567 1148 729 1210 materiam
754 1166 825 1211 sese
849 1149 989 1232 primum
1012 1148 1232 1212 Romanorum
1255 1147 1403 1212 versibus
1427 1154 1561 1214 tractare
1584 1150 1731 1213 iactatur:

666 1253 682 1316 I
708 1255 723 1316 1
773 1254 920 1318 Carmine
944 1255 1068 1319 divinas
1091 1261 1175 1320 artes
1198 1261 1230 1318 et
1253 1257 1380 1320 conscia
1402 1256 1458 1320 lati

775 1360 885 1425 Sidera
908 1361 1054 1426 diversos
1077 1363 1245 1427 hominum
1269 1363 1421 1426 variantia
1446 1383 1549 1446 casus,

774 1469 925 1532 Caelestis
949 1470 1081 1534 rationis
1104 1489 1195 1552 opus,
1219 1469 1374 1533 deducere
1398 1471 1519 1534 mundo

774 1575 954 1658 Adgrediar
977 1577 1164 1660 primusque
1187 1577 1281 1640 novis
1304 1577 1461 1641 Helicone
1484 1597 1612 1642 movere

709 1684 727 1744 5
774 1681 927 1746 Cantibus
951 1689 982 1746 et
1003 1683 1098 1746 viridi
1121 1690 1272 1748 nutantes
1296 1685 1413 1748 vertice
1438 1684 1545 1767 silvas,

772 1789 910 1873 Hospita
932 1809 1019 1854 sacra
1041 1789 1147 1854 ferens
1170 1791 1253 1854 nulli
1276 1797 1452 1855 memorata
1475 1793 1626 1875 priorum.

595 1899 638 1960 ib.
664 1898 727 1961 113
772 1896 845 1961 Hoc
868 1897 946 1960 nrilri
970 1898 1074 1982 surgit
1097 1917 1178 1982 opus
1203 1917 1268 1961 non
1292 1897 1368 1962 ullis
1392 1905 1466 1962 ante
1490 1903 1648 1976 sacratum

775 2002 1026 2084 Carminibus3³l
1077 2077 1084 2096 Ι

349 2099 514 2174 praeterea
538 2093 574 2155 cf.
597 2092 630 2156 H
656 2093 718 2155 136
743 2113 789 2178 sq.
814 2098 846 2156 et
868 2091 917 2156 III
944 2094 959 2156 l
986 2113 1032 2177 sq.
1057 2095 1214 2178 imprimis
1237 2098 1358 2158 autem:

627 2199 660 2262 Il
686 2201 727 2264 50
774 2199 887 2263 Omnis
911 2199 948 2263 ad
973 2219 1122 2264 accessus
1145 2199 1311 2265 Heliconis
1335 2202 1450 2266 semita
1473 2202 1547 2264 trita
1570 2207 1628 2280 cst,

773 2289 900 2370 Etiam
925 2307 1048 2371 confusi
1073 2314 1202 2371 manant
1226 2307 1264 2371 de
1286 2306 1428 2371 fontibus
1452 2327 1574 2389 amnica,

774 2413 841 2478 Nec
864 2415 995 2498 capiunt
1017 2414 1169 2479 haustum
1192 2415 1385 2498 turbamque
1409 2414 1448 2478 ad
1472 2420 1548 2478 nota
1571 2421 1727 2479 ruentem.

773 2521 902 2605 Integra
925 2541 1116 2605 quaeramus
1140 2522 1276 2586 rorantis
1300 2526 1388 2606 prata
1410 2540 1468 2605 per
1490 2521 1606 2585 herbas

776 2627 967 2712 Undamquo
991 2629 1125 2693 occultis
1150 2628 1354 2692 meditantem
1378 2630 1576 2692 murmuria
1601 2629 1711 2710 antris,

688 2735 729 2813 55
776 2734 878 2810 Quam
904 2755 1009 2820 neque
1033 2737 1144 2799 durata
1167 2737 1328 2819 gustarint
1351 2753 1404 2799 ore
1428 2735 1590 2818 volucres,

733 2862 741 2878 ·
775 2841 848 2926 Ipse
871 2863 930 2907 nec
948 2844 1086 2907 aetherio
1109 2843 1260 2908 Phoebus
1283 2842 1429 2906 libaverit
1451 2843 1529 2926 igni.

775 2948 893 3014 Nostra
916 2950 1036 3034 loquar.
1061 2950 1141 3014 nulli
1162 2957 1272 3015 vatum
1297 2949 1482 3014 debebimus
1505 2969 1572 3029 ora,

775 3057 843 3120 Nec
866 3057 997 3138 lurtum,
1021 3058 1075 3122 sed
1099 3078 1179 3141 opus
1204 3058 1319 3136 veniet,
1342 3057 1474 3140 soloque
1498 3056 1646 3121 volamus

774 3163 811 3227 ln
837 3165 961 3228 caelum
985 3184 1092 3246 curru,
1114 3165 1241 3249 propria
1264 3169 1330 3227 rate
1352 3162 1503 3247 pellimus
1525 3164 1636 3228 undas.

457 3267 555 3351 Atqui
586 3270 658 3332 talia
690 3277 814 3354 poetam
845 3271 882 3334 de
918 3291 951 3336 se
985 3271 1240 3355 praedicaturum
1269 3270 1369 3334 fuisse
1398 3291 1461 3334 non
1491 3277 1539 3336 est
1567 3270 1732 3353 credibile,
1759 3273 1786 3335 si
1817 3273 1991 3336 etiamtunc
2019 3274 2161 3357 Augusti

352 3392 452 3457 nepos
475 3375 667 3441 Aratearum
690 3378 940 3442 Phaenomenan
965 3381 1144 3442 versionem
1169 3377 1313 3442 Latinam
1338 3379 1371 3441 in
1396 3378 1498 3442 lucem
1525 3379 1686 3442 edidisset

457 3479 650 3566 Priusquam
674 3491 779 3548 autem
805 3485 983 3550 disserendi
1012 3486 1108 3549 finem
1133 3486 1262 3565 faciam,
1287 3485 1346 3548 hac
1371 3505 1473 3549 unum
1497 3486 1613 3549 addere
1638 3486 1727 3566 licet,
1750 3483 1872 3549 Manilii
1896 3505 2022 3549 carmen
2047 3488 2161 3572 imper-

350 3587 467 3650 l'ectum
493 3588 531 3652 ad
557 3595 665 3654 nostra
688 3597 831 3676 tempore
854 3595 1048 3676 pervenisse,
1072 3594 1139 3656 sive
1162 3599 1254 3676 poeta
1278 3611 1354 3655 casu
1377 3592 1524 3675 quedam,
1549 3612 1589 3655 no
1615 3612 1695 3676 opus
1711 3592 1884 3676 perficeret,
1907 3579 2080 3675 impeditus
2104 3599 2162 3676 est,

351 3695 418 3757 sive
442 3700 622 3779 temporum
650 3699 805 3781 iniquitas
832 3699 930 3764 finem
958 3699 1028 3762 libri
1058 3699 1163 3782 quinti
1193 3717 1259 3762 una
1282 3719 1357 3762 cum
1380 3717 1418 3762 ea
1440 3705 1544 3782 parte,
1572 3703 1690 3782 quaet
1714 3699 1752 3762 de
1780 3700 1923 3764 siderum
1948 3700 2161 3764 accidentium

350 3801 383 3862 vi
406 3808 437 3864 ct
461 3801 499 3865 de
522 3803 657 3886 planetis
681 3804 851 3870 dicendum
876 3805 1008 3887 erath
1032 3808 1107 3886 28⁴)
1130 3805 1163 3868 ll
1188 3807 1251 3869 958
1276 3826 1334 3888 sq,
1358 3805 1406 3868 lll
1433 3807 1494 3868 581
1520 3807 1590 3889 sq),
1614 3804 1704 3869 nobis
1728 3805 1875 3889 abripuit.

457 3910 754 3976 Astranamicorum
779 3913 878 3996 igitur
900 3919 1007 3998 poeta,
1037 3919 1074 3976 ut
1106 3933 1188 3996 quae
1211 3913 1433 3997 investigando
1457 3917 1580 3991 nostro,
1602 3933 1663 4004 nos
1689 3915 1760 3976 iure
1788 3914 1937 3978 statuisse
1975 3932 2164 3978 censeamus

352 4033 448 4097 quam
472 4017 673 4098 paucissimis
698 4020 958 4104 complectamur,
988 4021 1083 4083 bomo
1107 4019 1273 4083 Romanus
1296 4019 1371 4100 fuit,
1399 4039 1474 4083 vera
1498 4020 1629 4103 quidem
1654 4021 1785 4084 nomine
1808 4019 1849 4082 M.
1875 4019 2026 4084 Manilius
2050 4020 2163 4102 dictus,

352 4121 408 4203 qui
432 4139 558 4186 carmen
584 4144 694 4208 suurn,
723 4128 808 4211 quod
833 4127 962 4212 quidem
987 4127 1136 4191 manibus
1160 4132 1340 4209 teneamus,
1368 4125 1428 4190 sub
1452 4127 1601 4209 Auguste
1624 4133 1697 4210 post
1720 4126 1841 4190 cladem
1865 4127 2036 4190 Varianam
2061 4133 2092 4191 et
2114 4129 2162 4189 in-

351 4227 477 4291 cohavit
504 4238 535 4293 et
558 4231 691 4313 perfecit
711 4233 836 4298 Tiberio
865 4236 898 4296 in
926 4235 1015 4318 regni
1045 4235 1281 4298 successionem
1314 4234 1378 4297 iam
1406 4234 1560 4316 adoptata.
1609 4231 1699 4310 Quod
1729 4239 1835 4298 115105
1863 4253 1944 4317 opus
1971 4233 2162 4318 perdecem

351 4333 416 4397 fere
442 4336 568 4400 saecula
586 4337 619 4401 in
644 4341 768 4405 occulta
792 4343 870 4405 adeo
891 4341 992 4421 latuit,
1017 4346 1051 4404 51
1069 4359 1129 4404 nec
1143 4346 1236 4424 poeta
1254 4341 1323 4424 ipse
1342 4359 1401 4404 nec
1415 4361 1541 4405 carmen
1562 4340 1600 4404 ab
1620 4340 1687 4405 ulla
1706 4341 1890 4424 aequalium
1910 4341 2163 4424 posteriorumve

351 4441 544 4524 scriptarum
567 4453 848 4512 commemoratum
873 4450 921 4512 sit.

458 4549 537 4615 Inde
556 4574 574 4615 a
593 4552 736 4619 Gerberti
754 4562 859 4620 eutem
880 4562 980 4620 aetate
999 4555 1286 4618 astronomicarum
1306 4554 1404 4618 libros
1423 4555 1462 4618 ab
1482 4555 1644 4618 oblivione
1662 4555 1824 4618 immerita
1843 4554 2018 4618 vindicatos
2043 4554 2163 4619 maiore

353 4679 426 4723 cum
451 4661 558 4724 studio
589 4669 619 4726 et
647 4662 707 4747 legi
737 4671 769 4726 01
792 4663 888 4727 scribi
918 4668 1047 4746 coeptos
1075 4681 1146 4727 esse
1176 4661 1248 4725 libri
1280 4663 1489 4746 manuscripti
1517 4662 1645 4726 illorum
1679 4682 1715 4725 ac
1745 4662 1889 4746 proxime
1921 4662 2162 4746 insequentium

353 4772 532 4849 temporum
557 4768 770 4853 comprobant.

352 4883 564 4902 ——ss—.

418 4933 422 4938 ¹
461 4943 487 5013 1)
506 4943 638 4999 liudolfus
656 4943 758 4999 Merkel
781 4945 798 4999 l.
818 4945 835 4999 l.

460 5031 487 5100 2)
505 5033 536 5088 P.
556 5033 647 5088 Ovidii
666 5033 781 5090 Nasonis
800 5032 942 5088 Fastorum
961 5034 1023 5089 libri
1041 5033 1081 5088 Vl
1099 5035 1139 5088 ed.
1177 5033 1348 5089 Hermannus
1368 5034 1447 5088 Peter
1467 5033 1535 5088 1879
1555 5051 1580 5103 p.
1601 5033 1634 5086 12
1653 5051 1679 5087 n.
1699 5035 1722 5087 2.

460 5123 487 5185 31
507 5121 547 5175 Ex
570 5123 661 5177 addila
679 5123 849 5177 carminibus
872 5141 938 5178 voca
962 5127 1034 5192 patet
1053 5123 1162 5177 Manilia
1182 5123 1364 5178 Romanorum
1382 5122 1466 5177 libros
1490 5124 1523 5178 ad
1542 5125 1627 5177 artem
1647 5123 1853 5178 astronomicam
1873 5123 2027 5190 spectantes
2047 5124 2162 5192 pedestri

353 5211 463 5279 quidem
483 5211 601 5266 oratione
620 5214 786 5282 conscriptos
805 5213 877 5268 baud
896 5213 1001 5283 ignotas
1020 5213 1117 5280 15150ος
1141 5229 1209 5282 quae
1228 5217 1322 5268 cantra
1340 5211 1493 5267 Bentleium
1512 5229 1652 5267 monemus
1671 5213 1704 5266 cl.
1724 5228 1807 5281 supra
1827 5229 1850 5280 p.
1872 5213 1896 5266 i.

460 5301 488 5370 4)
507 5300 546 5355 cf.
566 5301 650 5356 libelli
670 5303 755 5357 nostri
775 5317 857 5371 supra
874 5302 976 5357 laudati
996 5319 1020 5371 p.
1042 5303 1073 5355 17
1094 5317 1132 5372 sq.
