4854 5816
613 700 678 764 490
724 699 882 764 Romanas
906 701 989 766 acies
1011 702 1129 766 iterum
1155 695 1262 768 videre
1286 703 1441 788 Philippiq
1497 732 1504 752 ·-

727 805 795 870 Nec
817 807 878 872 fuit
900 808 1068 892 iudignum
1093 811 1229 893 superis,
1252 810 1299 874 bis
1323 797 1480 892 sanguine'
1504 817 1612 876 nostro

728 913 906 978 Emathiam
930 921 961 980 et
983 915 1063 981 latos
1087 917 1203 981 Haemi
1228 921 1439 1002 pinguescere
1463 937 1592 1002 campos

250 1059 392 1140 itemque
415 1055 646 1164 Ovidius'Met.
671 1055 735 1120 XV
759 1059 837 1120 823:

1102 1165 1266 1232 Pharsalia
1289 1169 1404 1234 sentiet
1425 1169 1527 1250 illum,

729 1270 940 1355 Emathiaque
962 1273 1079 1337 iterum
1103 1273 1274 1339 madefient
1296 1275 1392 1340 caede
1416 1275 1553 1361 Philippi

249 1433 356 1498 neque
380 1414 472 1478 aliter
494 1413 647 1479 Lucanus
671 1416 709 1490 de
731 1415 892 1503 Thessalia
915 1415 1041 1512 infeliciq
1058 1416 1166 1506 Pharo.
1183 1415 1246 1479 VH
1270 1418 1353 1482 853:

731 1561 816 1622 Ante
840 1577 941 1623 novae
964 1559 1096 1623 venient
1117 1561 1212 1640 acieS,
1235 1559 1410 1644 scelerique
1434 1561 1574 1625 secundo

730 1665 908 1731 Praestabis
930 1668 1075 1757 nondum
1100 1667 1200 1730 siccos
1219 1667 1279 1730 hoc
1302 1668 1460 1751 sanguine
1483 1688 1618 1752 campos.

250 1809 363 1892 Itaque
385 1809 625 1873 ratiocinatione
647 1810 822 1886 certissima
850 1810 882 1873 id
915 1811 1100 1892 statuimus,
1131 1815 1162 1874 et
1192 1809 1336 1874 Caesaris
1367 1815 1399 1874 et
1420 1812 1560 1894 Augusti
1592 1831 1710 1876 nomen
1734 1835 1752 1876 a
1777 1813 1907 1876 Manilio
1932 1813 1971 1876 de
1996 1832 2061 1876 uno

251 1916 283 1980 C.
307 1915 395 1979 dnlio
419 1915 551 1980 Caesare
575 1898 920 2017 Octaviano'Abgusto
950 1916 1071 1980 dictum
1095 1936 1173 1981 esse.
1221 1915 1314 1992 Quod
1337 1937 1434 2000 qnam
1459 1937 1572 1982 verum
1595 1919 1650 2000 sit,
1679 1920 1918 1985 evidentissime
1948 1940 1987 1984 ex
2013 1919 2062 1982 his

251 2025 322 2087 eius
345 2023 489 2087 versibus
512 2030 649 2106 apparet,
672 2023 727 2107 qui
751 2023 892 2108 Augusti
915 2025 1031 2106 thema,
1053 2024 1141 2110 quod
1164 2025 1276 2088 dieunt
1299 2024 1457 2106 astrologi,
1480 2026 1657 2090 continent:

553 2166 585 2229 11
611 2166 672 2228 507
1039 2165 1253 2250 Capricornus
1276 2168 1309 2230 in
1333 2169 1440 2250 ipsum

720 2272 884 2337 Convertit
906 2274 1005 2337 visus.
1052 2274 1130 2357 quid
1154 2275 1239 2337 enirn
1264 2273 1432 2372 mirabitur
1454 2273 1509 2338 ille

722 2379 834 2456 Maius,
858 2381 890 2443 in
912 2382 1053 2464 Augusti
1076 2380 1151 2444 felix
1175 2400 1249 2444 curn
1272 2379 1396 2444 fulserit
1419 2382 1550 2445 ortum?

360 2524 437 2588 Vult
460 2526 556 2608 igitur
579 2507 672 2607 poeta
696 2525 880 2606 Augustum
906 2533 1011 2587 ortum
1035 2543 1105 2588 esse
1130 2523 1190 2587 sub
1210 2523 1403 2608 Capricorno
1425 2543 1499 2587 cum
1519 2525 1671 2588 Suetonio
1693 2523 1822 2608 quidem
1847 2526 2063 2604 consentiens,

252 2634 307 2716 qni
332 2634 517 2716 Augustum
542 2649 712 2694 nummum
736 2635 922 2713 argenteum
947 2631 1060 2694 sideris
1085 2630 1277 2714 Capricorni,
1300 2650 1364 2714 quo
1388 2635 1483 2694 natus
1508 2637 1602 2714 asset,
1625 2633 1821 2714 percussisse
1841 2637 1955 2695 narrat
1966 2635 1988 2710 ¹)

358 2738 420 2802 Per
444 2737 670 2821 Capricornum
701 2743 809 2801 autern
834 2739 882 2801 sol
911 2738 1088 2802 secundani
1113 2743 1367 2801 astronomorum
1392 2745 1424 2801 et
1446 2743 1591 2802 veterum
1617 2743 1648 2803 et
1677 2739 1855 2802 recentium
1879 2740 2061 2822 opinionem

252 2865 362 2911 mense
380 2844 579 2924 Decemb1i²l
603 2863 765 2928 permeare
789 2845 937 2908 creditur.
983 2843 1105 2908 Verum
1130 2851 1235 2908 tamen
1261 2844 1345 2908 idern
1369 2845 1541 2908 Suetonius
1561 2847 1657 2928 (Aug.
1674 2847 1705 2925 5)
1731 2847 1902 2909 memoriae
1926 2846 2063 2930 prodidit

251 2958 437 3038 Augustum
471 2960 581 3017 natum
615 2970 685 3016 esse
712 2949 753 3016 M.
777 2951 879 3015 Tullio
905 2951 1055 3016 Cicerone
1078 2950 1110 3015 C.
1136 2952 1276 3014 Antonio
1309 2970 1388 3015 coss.
1418 2951 1497 3014 VIII
1520 2951 1587 3014 Kal.
1613 2951 1721 3016 Octoh.
1753 2953 1848 3036 paulo
1880 2959 1954 3017 ante
1987 2954 2063 3017 solis

253 3067 411 3126 exortum.
449 3061 551 3144 Atqui
575 3078 612 3122 eo
630 3077 739 3123 mense
761 3059 796 3122 in
820 3058 931 3123 Librae
960 3059 1051 3143 signo
1080 3059 1126 3122 sol
1154 3063 1306 3122 versatur.
1354 3057 1470 3122 Nonne
1496 3059 1573 3122 haec
1604 3059 1886 3124 vehementissime
1919 3061 2001 3124 inter
2028 3080 2063 3124 se

253 3169 456 3252 repugnant?
480 3167 613 3231 Minime
636 3167 791 3250 gentium,
816 3167 840 3230 si
866 3165 996 3249 quidem
1018 3165 1127 3248 Fayus
1150 3171 1182 3230 et
1203 3167 1313 3230 Anton
1337 3185 1449 3229 verum
1474 3164 1593 3230 vidisse
1616 3166 1750 3250 putandi
1774 3173 1857 3230 sunt.

362 3274 510 3338 Solebant
539 3275 625 3337 enim
656 3273 806 3357 astrologi
836 3279 867 3336 et
890 3273 929 3336 ad
957 3271 1014 3347 τὴν
1036 3279 1069 3334 ἐν
1090 3272 1185 3354 μητρὶ
1208 3276 1325 3353 γένεσιν
1348 3277 1378 3336 et
1400 3273 1440 3336 ad
1464 3271 1520 3347 τὴν
1542 3278 1669 3354 ἐμφανῆ
1691 3276 1809 3352 γένεσιν
1831 3275 1863 3336 in
1888 3275 2062 3358 horoscopo

253 3381 447 3446 instituendo
466 3382 633 3464 respicere,
651 3381 682 3443 id
701 3381 786 3464 qnod
803 3379 998 3444 firmissimis
1010 3379 1223 3444 ‘confirmatur
1240 3381 1439 3444 testimoniis.
1448 3383 1473 3460 ³)
1491 3379 1676 3445 Secundum
1695 3381 1775 3443 hanc
1792 3381 1891 3465 igitur
1907 3383 2060 3444 rationem

253 3489 437 3572 Capricorni
461 3488 565 3550 thema
587 3507 629 3551 ex
652 3507 688 3551 ea
712 3487 884 3551 deductum
899 3493 945 3551 est
970 3487 1058 3568 hora,
1081 3465 1144 3570 qua
1166 3490 1336 3570 Augustus
1360 3493 1517 3570 conceptu
1535 3493 1670 3570 creatus,
1693 3486 1806 3550 Librae
1826 3495 1935 3552 autem
1955 3489 2061 3552 thema

252 3597 323 3660 eius
351 3594 446 3658 horae
473 3601 619 3678 respectu
642 3594 747 3658 habito
772 3577 938 3658 conditum
963 3599 1025 3676 est,
1053 3614 1117 3676 qna
1140 3593 1231 3656 illurn
1255 3600 1348 3678 partu
1373 3595 1497 3658 sesain
1524 3594 1630 3658 lucem
1653 3595 1774 3659 editam
1798 3613 1868 3658 esse
1892 3596 2060 3678 astrologis

254 3703 383 3766 (linerat.
421 3701 535 3785 ltaque
553 3702 616 3765 iam
636 3721 700 3765 non
720 3706 769 3765 est
787 3703 915 3782 mirum,
937 3703 966 3764 'si
985 3680 1156 3784 Angustus
1171 3678 1352 3784 Capricorni
1370 3702 1544 3785 imagiuem
1565 3703 1671 3765 nescio
1693 3721 1756 3785 qua
1776 3701 1815 3764 de
1833 3721 1930 3764 causa
1947 3700 2061 3766 Librae

254 3809 432 3892 praeterens
463 3811 496 3873 in
526 3809 630 3894 galea,
659 3809 692 3871 in
717 3809 871 3888 nummis,
901 3809 934 3870 in
958 3799 1029 3871 aliis
1053 3807 1211 3871 artificum
1236 3807 1386 3890 operibus
1408 3815 1548 3892 gestasse
1572 3815 1727 3872 narratur.

359 3916 426 3980 Iam
452 3918 478 3981 si
502 3921 534 3980 et
557 3915 770 3999 Capricornus
798 3923 829 3978 et
856 3913 950 3978 Libra
978 3915 1082 3978 sidera
1106 3916 1247 3998 Augusti
1277 3914 1423 3978 natalicia
1450 3913 1601 3996 audiunt,
1631 3914 1880 3998 exspectandum
1905 3921 1967 3996 cst,
1998 3935 2061 3978 non

253 4023 359 4088 solum
379 4025 411 4086 in
437 4023 638 4107 Capricorno,
662 4041 772 4086 verum
797 4023 890 4085 etiam
914 4023 948 4084 in
972 4019 1066 4084 Libra
1090 4021 1259 4085 Manilium
1286 4022 1325 4085 ad
1348 4022 1490 4105 Augusti
1517 4023 1697 4104 genituram
1720 4022 1908 4104 respexisse.
1954 4022 2003 4085 Ac
2026 4042 2060 4087 re

252 4151 326 4195 aera
351 4132 381 4195 hi
406 4151 519 4195 versus
544 4131 577 4193 in
602 4130 683 4192 hanc
706 4131 887 4211 opinionem
912 4129 1074 4211 aptissime
1099 4127 1255 4212 quadrare
1277 4127 1443 4190 ridentur:

496 4237 543 4300 lv
569 4238 631 4300 547
678 4236 741 4300 Sed
764 4255 837 4299 cunr
863 4235 1065 4299 autumnales
1090 4242 1266 4319 coeperunt
1290 4254 1420 4319 surgere
1445 4234 1568 4315 Chelae,

679 4342 771 4406 Felix
794 4348 927 4425 aequato
950 4343 1080 4426 genitus
1105 4340 1164 4406 sub
1187 4343 1328 4425 pondere
1350 4341 1478 4406 Librae!

679 4449 783 4514 Iudex
806 4467 942 4513 examen
966 4451 1056 4514 sistet
1079 4450 1227 4532 vitaeque
1251 4451 1414 4533 necisque,

252 4580 366 4588 ...-.-—--
391 4579 465 4586 ...—

361 4665 387 4732 1)
406 4663 478 4717 Suet.
494 4665 562 4732 Aug.
576 4662 611 4717 ct
625 4665 692 4716 extr.
709 4691 739 4700 -
757 4659 1395 4730 61116161,6666666016116616661666116
1411 4659 1601 4716 Romanorum.
1620 4661 1711 4732 Progr.
1730 4662 1813 4717 denae
1830 4661 1910 4728 1750;
1929 4661 2062 4730 imprimis

252 4757 355 4808 autam:
374 4753 474 4820 ,Victor
493 4752 692 4818 Gardthausen,
712 4752 852 4819 Augustus
871 4751 926 4804 und
945 4752 1019 4805 aeine
1038 4749 1096 4804 Zeit
1115 4749 1166 4806 vot
1182 4751 1210 4804 lI
1229 4769 1253 4820 p.
1270 4751 1303 4805 18
1317 4767 1357 4818 sq.
1395 4749 1526 4805 Nummos
1545 4752 1662 4820 Augusti
1681 4755 1708 4806 et
1726 4751 1882 4820 Capricorni
1900 4750 2062 4819 imaginibus

253 4844 361 4896 ornatos
383 4842 513 4896 exhibeat
534 4841 581 4894 Th.
597 4840 722 4902 Graesse,
746 4839 850 4895 Handb.
875 4840 900 4893 d.
925 4839 996 4894 alten
1016 4839 1198 4895 Numismatilr
1222 4841 1274 4894 tab.
1290 4839 1359 4894 XIII
1382 4840 1450 4893 nal
1472 4843 1499 4893 et
1518 4842 1532 4893 7
1553 4843 1633 4909 atque
1653 4839 1745 4909 Henry
1765 4839 1866 4906 Cohon,
1890 4837 2060 4908 Descriptr'cn

254 4930 403 4999 metamque
422 4931 469 4986 des
489 4931 625 4984 manuales
645 4929 767 4999 trappees
786 4945 850 4985 sous
868 4928 990 4998 l’arnpiro
1009 4929 1115 4984 romain
1135 4929 1204 4984 1880
1223 4946 1248 4982 v.
1268 4928 1298 4982 1⁸
1317 4945 1355 4983 nr.
1377 4931 1400 4982 1.
1419 4929 1445 4981 4.
1467 4929 1580 4984 15-20,
1601 4930 1660 4984 263.
1681 4930 1745 4994 564;
1764 4927 2060 4984 camarlancus.

252 5020 313 5074 617.
334 5019 394 5073 738.
414 5019 473 5073 781.
492 5019 553 5073 805.
573 5019 634 5073 823.
654 5049 687 5058 -
708 5019 734 5087 2)
752 5017 907 5074 Theodorus
925 5017 1084 5087 Mommsen,
1103 5019 1265 5074 Rcemische
1284 5017 1461 5086 Chronclogie
1480 5037 1504 5087 p.
1520 5019 1562 5074 62.

360 5110 386 5170 31
404 5109 510 5163 Vitrnv.
525 5109 567 5164 IX
582 5111 597 5163 7
613 5109 659 5177 (n),
675 5111 691 5162 'A
707 5109 894 5164 Athenodorus
913 5126 964 5163 non
983 5126 998 5162 6
1018 5109 1161 5175 nascentia,
1181 5107 1227 5161 sed
1247 5123 1280 5160 ex
1300 5107 1469 5175 conceptione
1489 5105 1708 5176 genethlialogiae
1726 5107 1843 5160 rationes
1862 5106 2009 5174 explicatas
2020 5124 2061 5160 re·

250 5199 338 5270 liquit.
359 5230 391 5237 -
412 5197 504 5254 Claud.
524 5199 635 5254 Ptolem.
673 5197 813 5253 Tetrabibl.
832 5197 882 5266 III,
904 5200 926 5251 1.
947 5229 977 5236 -
999 5198 1137 5252 Censorio.
1157 5195 1450 5252 declararunt.
1471 5227 1503 5236 -
1525 5199 1613 5250 Anton
1632 5195 1649 5249 1.
1670 5195 1687 5249 l.
1708 5211 1731 5264 p.
1753 5195 1793 5248 12.
1832 5279 1849 5330 3
