4854 5816
1037 411 1195 419 ..ψ-
1255 376 1300 447 10
1357 412 1515 418 ---.

373 595 477 658 victus
509 599 570 671 est,
595 597 690 674 atque
714 610 750 654 eo
775 589 902 673 quidem
927 589 1038 667 mortis
1060 607 1187 671 genere,
1211 586 1299 670 quod
1321 587 1352 649 ei
1374 591 1485 670 utpote
1509 605 1563 650 reo
1587 585 1805 666 conveniebat,
1828 606 1947 670 poenas
1969 586 2062 671 fugae
2086 588 2181 671 dedit,

373 722 436 784 qna
474 699 674 782 triumphum
712 695 956 779 subterfugerat.
1004 693 1106 770 Quam
1144 694 1435 777 interpretationem
1460 695 1487 756 si
1511 692 1681 777 improbas,
1717 699 1823 756 tamen
1846 694 1900 756 ille
1923 693 2014 758 locus
2038 694 2082 775 (Π
2105 697 2180 776 888)

372 813 479 888 restat,
503 807 559 888 qui
584 825 670 868 unus
693 803 874 867 Romanum
897 801 998 866 fuisse
1021 803 1185 865 hominem
1208 802 1494 864 astronomicarum
1520 807 1681 863 auctorem
1706 799 1871 862 evidenter
1895 800 2097 866 demonstrat.

480 913 540 976 Cui
564 913 693 996 quidem
713 911 855 994 opinioni
884 910 977 972 etiam
1006 917 1072 972 tota
1096 910 1246 972 carminis
1269 907 1393 971 indoles
1416 909 1544 991 egregie
1567 905 1745 990 respondet.
1788 903 2073 990 Quotienscunque
2098 911 2182 972 enim

373 1027 466 1100 poeta
488 1039 540 1083 res
562 1019 724 1082 Romanas
748 1018 858 1098 tangit,
892 1017 986 1080 dictio
1010 1017 1079 1079 eius
1103 1017 1273 1079 animum
1303 1015 1477 1078 hominis
1501 1032 1591 1078 rere
1618 1012 1781 1076 Romani
1810 1013 1915 1096 spirat.
1966 1013 2069 1078 Hinc
2099 1019 2185 1080 iusta

373 1130 443 1190 eins
462 1127 627 1189 admiratio
649 1124 878 1208 magnitudinis
898 1124 1023 1207 imperii
1043 1121 1189 1196 Romani,
1209 1123 1295 1204 quod
1322 1141 1362 1185 ex
1383 1123 1525 1185 minimis
1541 1122 1641 1184 initiis
1662 1125 1811 1183 oxomum
1832 1120 1871 1182 ad
1891 1139 2052 1182 summum
2075 1141 2182 1186 rermn

374 1234 534 1313 fastigium
556 1233 726 1295 adauctum
744 1233 800 1310 sit,
834 1231 974 1314 legesis
1003 1249 1057 1292 eos
1084 1248 1209 1309 111111,
1242 1228 1360 1311 quibus
1382 1229 1516 1292 Romam
1546 1227 1658 1292 nrbem
1684 1228 1744 1292 snb
1771 1227 1868 1291 Libra
1891 1229 1985 1290 sitam
2008 1229 2181 1309 praedicat:

615 1373 662 1436 IV
687 1373 750 1436 769
797 1371 888 1448 Quod
913 1374 1020 1456 potins
1039 1371 1121 1435 colat
1144 1371 1277 1442 ltaliam,
1301 1373 1326 1433 si
1353 1372 1470 1454 seligiS,
1492 1377 1624 1452 astrum,

799 1477 902 1554 Quam
928 1478 1014 1562 qubd
1038 1483 1153 1541 cuncta
1175 1478 1264 1560 regit,
1287 1476 1374 1559 qnod
1397 1496 1502 1540 rernm
1526 1477 1667 1561 pondera
1689 1479 1789 1556 norit,

799 1584 953 1670 Designat
976 1604 1119 1648 summas
1141 1594 1173 1647 ct
1195 1585 1344 1667 iniquum
1369 1589 1493 1666 separat
1515 1603 1629 1666 aeque,

798 1691 951 1776 Tempora
976 1710 1039 1774 quo
1064 1691 1213 1774 pendent,
1236 1697 1353 1754 coeunt
1377 1711 1440 1773 qno
1463 1710 1594 1773 noxque
1618 1691 1771 1774 diesque?

799 1798 988 1883 Hesperiam
1013 1818 1071 1862 sua
1094 1797 1187 1861 Libra
1210 1802 1310 1876 tenet;
1335 1818 1397 1881 qna
1422 1799 1547 1862 condita
1569 1797 1670 1861 Roma

801 1904 894 1968 Orbis
917 1911 949 1969 et
970 1906 1104 1989 imperio
1128 1906 1244 1969 retinet
1267 1905 1450 1969 discrimina
1472 1925 1588 1982 rerum,

692 2015 731 2076 77
737 2015 755 2075 5
801 2012 962 2075 Lancibns
986 2019 1018 2076 et
1039 2013 1151 2096 positis
1173 2017 1285 2094 gentes
1308 2012 1453 2095 tollitque
1475 2013 1657 2096 premitque

801 2117 884 2203 [Qua
906 2121 1037 2202 genitus
1061 2117 1254 2181 cumfratre
1278 2117 1399 2182 Remus
1423 2119 1505 2181 hanc
1528 2118 1670 2181 condidit
1695 2119 1819 2203 urbem]

800 2226 843 2289 Et
864 2228 1001 2310 propriis
1023 2226 1126 2289 frenat
1148 2224 1339 2309 pendentem
1365 2225 1498 2289 nutibus
1521 2224 1640 2307 orbem,

380 2400 426 2442 vs.
452 2381 527 2460 776,
573 2381 628 2462 qui
652 2381 686 2442 in
710 2378 876 2442 codicibus
899 2379 1060 2442 deterioris
1084 2377 1206 2441 ordinis
1230 2379 1276 2441 sio
1298 2377 1429 2461 legitur:

802 2483 872 2560 Qua
895 2487 1026 2568 genitus
1045 2483 1225 2566 Caesarque
1248 2504 1342 2548 meus
1366 2504 1455 2548 nnnc
1478 2485 1620 2547 condidit
1643 2484 1761 2566 orbem,

377 2621 403 2682 si
426 2621 557 2682 retineri
577 2627 692 2702 posset,
715 2619 754 2682 ad
777 2619 954 2682 Romanam
978 2623 1089 2701 poetae
1109 2619 1263 2701 originem
1284 2617 1560 2682 demonstrandam
1584 2618 1759 2703 plurimum
1779 2618 1904 2682 valeret.
1938 2619 1999 2684 Sed
2023 2623 2186 2686 eiciemlus

378 2733 435 2806 est,
459 2746 521 2789 non
547 2745 611 2809 qno
635 2746 708 2790 cum
729 2726 873 2790 Bentleio
896 2727 930 2788 in
951 2746 990 2788 111
1008 2723 1128 2806 syllaba
1142 2723 1263 2788 Remus
1285 2725 1373 2788 vocis
1397 2731 1506 2788 contra
1531 2746 1626 2789 nsum
1651 2724 1849 2806 sollemnem,
1872 2728 2046 2808 quamfere
2066 2730 2186 2813 nbiqno

378 2833 530 2897 Manilius
553 2835 647 2896 etiam
673 2833 858 2915 diligentius
882 2853 978 2915 quam
1003 2830 1167 2913 Vergilius
1187 2831 1343 2911 observat,
1366 2833 1521 2914 producta
1544 2833 1689 2896 haeream
1706 2834 1795 2911 (satis
1809 2835 1896 2896 enim
1920 2835 1997 2898 haec
2020 2837 2185 2918 productio

376 2942 461 3003 ictus
476 2958 690 3022 caesuraeque
709 2940 742 3001 ri
755 2939 864 3003 effecta
877 2945 908 3003 et
925 2941 1057 3003 nomine
1074 2939 1202 3022 proprio
1222 2940 1306 3002 sicut
1323 2941 1358 3001 in
1369 2939 1502 3023 Vergilii
1517 2940 1673 3024 exemplis
1684 2945 1879 3018 excnsaturl,
1899 2942 1952 3004 sed
1970 2944 2054 3025 quod
2075 2964 2188 3008 versus

379 3046 429 3108 illa
453 3048 521 3109 sive
551 3065 624 3110 enm
655 3046 767 3109 tradito
792 3047 860 3110 loco
889 3049 1007 3110 retines
1036 3047 1103 3109 sive
1126 3043 1321 3128 Scaligerum
1353 3053 1481 3110 secutus
1510 3055 1581 3129 post
1614 3067 1659 3109 vs.
1686 3047 1921 3122 7141111111,
1956 3052 2185 3115 sententiarum

378 3173 538 3216 conexum
568 3153 649 3216 male
676 3155 805 3237 rumpit.
853 3151 954 3216 Roma
977 3155 1063 3216 enim
1092 3153 1189 3216 totins
1218 3154 1374 3215 enuntiati
1403 3152 1600 3229 subiectum,
1634 3153 1719 3236 qnod
1749 3153 1877 3234 dicitnr,
1913 3174 1983 3217 csse
2018 3157 2117 3220 debet.
2145 3197 2186 3205 —

378 3259 601 3322 Humillimam
626 3266 732 3323 autem
758 3260 848 3324 urbis
871 3261 1028 3342 originem
1051 3264 1143 3342 poeta
1166 3259 1216 3322 his
1239 3261 1339 3342 tangit
1363 3259 1520 3324 versibus:

691 3421 737 3484 IV
762 3423 803 3483 23
850 3421 918 3482 Aut
942 3420 1003 3482 nisi
1027 3419 1089 3482 fata
1112 3420 1223 3484 darant
1245 3422 1332 3504 leges
1356 3421 1503 3504 vitaeque
1527 3422 1691 3503 necisque,

850 3525 1020 3609 Fugissent
1043 3528 1133 3606 ignes
1153 3529 1322 3590 Aeneam?
1367 3525 1460 3590 Troia
1483 3526 1543 3590 sub
1568 3549 1633 3590 uno

759 3636 801 3695 25
847 3632 920 3696 Non
945 3651 1055 3696 aversa
1078 3635 1146 3696 viro
1170 3633 1242 3697 fatis
1265 3636 1395 3699 vicisset
1417 3637 1451 3697 in
1475 3635 1573 3717 ipsis?

848 3742 917 3804 Aut
939 3741 1015 3822 lupa
1037 3742 1194 3824 proiectos
1218 3742 1371 3804 nutrisset
1393 3739 1506 3804 Martia
1529 3741 1659 3804 iratres?

848 3847 949 3910 Roma
973 3849 1056 3910 casis
1079 3853 1111 3910 et
1133 3855 1207 3911 nata
1228 3847 1331 3912 foret?
1377 3847 1602 3932 pecudumque
1626 3851 1769 3931 magistri

849 3953 887 4016 ln
912 3953 1104 4038 Capitolinos
1129 3955 1299 4018 duxissent
1320 3954 1456 4018 fulmina
1479 3956 1623 4018 montes?

851 4060 1019 4124 Includive
1040 4081 1099 4124 sua
1122 4063 1280 4144 potuisset
1302 4059 1323 4122 J
1326 4061 1451 4143 uppiter
1474 4061 1567 4124 arce?

762 4169 803 4230 30
850 4167 969 4252 (laptns
992 4176 1024 4232 et
1047 4189 1064 4231 a
1088 4171 1188 4252 captis
1211 4167 1297 4231 orbis
1319 4167 1421 4231 foret?

486 4319 585 4382 Hinc
613 4325 700 4383 tanta
733 4322 804 4384 eius
839 4339 962 4384 rerum
994 4319 1249 4384 Romanarum
1283 4322 1515 4390 aestimatio.
1549 4328 1586 4384 ut
1618 4322 1811 4406 reipublicae
1839 4324 1998 4385 Romanae
2030 4321 2188 4386 fortunam

381 4427 513 4490 eandem
539 4433 635 4510 atque
659 4428 737 4490 caeli
761 4446 830 4490 csse
852 4426 1014 4490 fortunam
1040 4428 1210 4491 contendat
1233 4427 1338 4506 (V52)
1364 4427 1517 4511 urbisque
1545 4435 1698 4492 rectorem
1723 4427 1860 4511 appellet
1881 4433 2037 4492 rectorem
2061 4428 2191 4512 Olympi

380 4533 525 4613 (1916);
557 4534 645 4597 binc
676 4533 833 4597 crebrae
862 4535 933 4597 eius
960 4534 1095 4597 laudes
1123 4533 1378 4597 Romanorum
1406 4535 1578 4598 virorum
1606 4535 1776 4612 fortium,
1809 4537 1866 4618 qni
1898 4535 2125 4620 rempublicam
2155 4539 2188 4598 in

382 4660 544 4704 summum
570 4641 743 4704 discrimen
767 4659 918 4724 praeceps
942 4648 1086 4705 ruentem
1107 4661 1165 4704 111
1184 4643 1301 4704 virtute
1325 4641 1364 4703 ab
1387 4642 1519 4705 interitu
1542 4649 1781 4706 revocaverunt.
1826 4641 1909 4706 Eum
1928 4643 2056 4706 evolvas
2075 4644 2192 4711 locum.

383 4767 448 4830 quo
472 4755 565 4830 poeta
588 4747 626 4810 de
649 4748 746 4810 variis
770 4752 925 4828 veterum,
954 4767 1036 4830 quaa
1060 4749 1098 4812 do
1122 4748 1239 4812 circulo
1264 4746 1364 4810 lacteo
1388 4747 1581 4828 ferebantur,
1606 4748 1811 4833 opinionibus
1837 4749 1995 4813 disserens
2019 4769 2088 4812 earn
2113 4771 2192 4832 qno-

382 4875 444 4936 que
468 4855 624 4938 proponit,
653 4873 692 4917 111
718 4874 783 4936 qua
805 4854 1029 4918 excellentium
1056 4857 1194 4918 virorum
1226 4859 1426 4918 mortuorum
1451 4857 1575 4918 animae
1599 4857 1633 4917 in
1658 4857 1742 4918 claro
1766 4854 1820 4918 illo
1844 4858 1922 4919 caeli
1946 4863 2050 4919 tractu
2073 4858 2193 4939 positae

381 4979 450 5023 esse
484 4961 676 5043 putabantur
705 4961 730 5042 (Ι
764 4961 969 5038 raa-aot).
1024 4961 1072 5024 Ibi
1108 4982 1202 5044 quam
1241 4981 1357 5044 parcus
1389 4967 1437 5024 est
1472 4963 1503 5023 in
1534 4965 1724 5026 Graecorum
1760 4964 2080 5047 alienigenorumque
2118 4965 2193 5024 viris

381 5067 561 5130 illustribus
585 5068 819 5144 enumerandis,
844 5087 939 5151 quam
965 5071 1116 5152 copiosus
1139 5071 1172 5130 in
1197 5067 1350 5132 Romanis
1373 5069 1411 5130 ad
1436 5075 1518 5132 astra
1542 5070 1707 5133 tollendis!
