4854 5816
1038 377 1488 448 --..2.....-„..

361 592 472 654 horum
496 597 649 654 contextu
678 590 891 674 discrepantes
924 609 1029 674 nuper
1059 590 1172 667 edidit,
1203 608 1237 654 ea
1269 589 1399 672 quidem
1428 609 1508 653 usus
1540 589 1715 672 diligentia,
1744 609 1826 672 quae
1857 591 1890 652 in
1923 589 2018 653 rebus
2048 588 2169 671 palaeo-

358 699 526 782 graphicis,
550 717 631 782 quae
654 699 810 776 feruntur,
832 699 1014 780 requiritur.

468 804 530 881 Qui
555 811 661 869 autem
683 810 806 888 praeter
825 804 897 867 illos
916 804 966 866 his
985 805 1079 867 annis
1103 804 1142 868 de
1158 803 1288 867 Manilio
1308 805 1513 889 scripserunt,
1536 804 1769 867 Bertholdus
1789 803 1940 884 Freier,
1964 803 1987 866 Ι.
2004 802 2171 884 Woltjer

361 913 396 976 G.
422 912 590 993 Lauson,
618 915 821 1004 Augustus
848 909 1042 988 Kraemer,
1067 931 1129 974 non
1153 917 1217 974 tam
1241 911 1280 974 ad
1303 911 1401 974 verba
1423 917 1534 994 poetae
1557 912 1761 991 restituenda,
1784 931 1880 994 quam
1904 911 2015 973 adres
2038 931 2057 972 a
2080 915 2170 993 poeta

358 1025 506 1084 tractatas
540 1019 731 1083 enarrandas
762 1023 793 1082 et
825 1015 863 1080 ad
889 1024 999 1102 poetae
1028 1025 1161 1082 aehrtem
1190 1017 1401 1081 definiendam
1430 1018 1534 1080 studia
1558 1018 1803 1081 collocaverunt.
1853 1016 1996 1093 Quorum
2028 1018 2168 1080 virorum

360 1121 525 1190 doctorum
550 1127 729 1210 opiniones,
757 1145 840 1207 qnae
860 1123 901 1187 'de
923 1126 1120 1206 gravissimis
1144 1124 1242 1187 rebus
1261 1125 1353 1188 valde
1372 1125 1562 1208 discrepant,
1591 1145 1656 1188 uno
1682 1125 1773 1208 quasi
1798 1130 1970 1208 conspectu
1993 1143 2170 1208 proponere

362 1234 506 1316 quidque
532 1234 592 1316 ipsi
616 1233 654 1294 dc
681 1231 720 1294 M.
746 1231 876 1295 Manilio
900 1234 1076 1295 sentiamus
1099 1231 1238 1316 proferre
1267 1231 1358 1294 nobis
1381 1233 1489 1295 risum
1513 1237 1576 1313 est,
1604 1252 1667 1294 non
1694 1251 1757 1315 quo
1782 1251 1912 1315 prorsus
1932 1251 2015 1294 nova
2037 1250 2096 1293 nos
2119 1233 2168 1292 in-

359 1342 485 1403 venisse
510 1339 685 1418 credamus,
708 1339 763 1402 sed
789 1345 833 1410 nt,
857 1340 883 1401 si
907 1340 963 1420 qni
987 1345 1059 1422 post
1088 1357 1146 1399 nos
1175 1339 1317 1402 studium
1342 1340 1375 1400 in
1404 1339 1490 1401 hunc
1514 1347 1639 1422 poetam
1663 1339 1809 1401 collaturi
1834 1339 1912 1416 sint,
1937 1339 2013 1421 quid
2038 1344 2171 1418 certum,

360 1448 437 1530 quid
462 1447 594 1509 dubium
619 1448 670 1526 sit,
692 1445 832 1508 faciliore
855 1445 987 1508 fortasse
1010 1464 1104 1528 opera
1128 1445 1314 1529 dignoscere
1333 1447 1463 1528 possint.

1172 1729 1311 1794 cAPUr
1334 1730 1359 1794 Ι.

895 1871 947 1936 De
971 1871 1301 1939 astronomicarum
1321 1875 1449 1958 poetae
1473 1874 1634 1941 nomine.

465 2055 514 2116 Ac
537 2054 638 2136 primo
662 2052 792 2134 quidem
815 2051 883 2113 loco
908 2051 946 2113 de
969 2053 1099 2114 nomine
1114 2062 1225 2135 poetae
1241 2052 1411 2115 dicendum
1438 2053 1570 2116 videtur.
1596 2053 1678 2116 Male
1696 2059 1803 2116 alitem
1823 2053 1945 2132 accidit,
1970 2051 2056 2136 quod
2076 2071 2170 2114 nemo

359 2166 502 2224 veterum
527 2161 717 2242 scriptorum
744 2160 937 2221 mentionem
963 2159 1032 2220 eins
1062 2158 1144 2221 fecit.
1191 2157 1323 2222 Frustra
1347 2161 1431 2222 enim
1457 2159 1578 2222 Manilii
1608 2179 1724 2223 nornen
1749 2162 1940 2223 carnalisve
1968 2159 2172 2222 astronomici

360 2268 544 2331 memoriam
569 2266 666 2328 ullam
687 2265 771 2349 apud
790 2263 950 2340 Ovidium,
970 2263 1213 2347 Quintilianum,
1236 2265 1387 2346 Plinium,
1405 2265 1475 2328 Nat.
1491 2265 1572 2330 Hist.
1589 2268 1783 2350 scriptorem,
1802 2267 1886 2350 apud
1904 2267 2172 2350 gramnraticos,¹)

361 2375 416 2456 qni
445 2374 596 2436 dicuntur
619 2372 912 2454 ecclesiasticosque
936 2373 1134 2454 quaesiveris
1163 2373 1311 2455 quamvis
1338 2372 1497 2455 frequenti
1526 2376 1692 2437 occasione
1721 2374 1987 2437 commemorandi
2012 2372 2122 2434 oblata.

468 2479 666 2564 Quapropter
695 2479 847 2541 codices
877 2477 1067 2541 Manilianos
1096 2479 1248 2542 adeamus
1272 2499 1404 2543 necesse
1428 2487 1482 2543 est.
1530 2479 1675 2555 erorum
1708 2483 1764 2564 qni
1796 2483 1923 2561 ceteris,
1955 2481 2012 2563 qui
2043 2479 2171 2562 quidem

362 2589 465 2650 adhuc
488 2589 709 2668 innotuerunt,
737 2593 768 2649 et
791 2593 891 2648 aetrne
915 2592 945 2648 et
969 2587 1101 2666 virtute,
1115 2592 1263 2670 praestat,
1292 2586 1609 2652 Gemblacensenr
1634 2587 1687 2668 (Gt
1712 2589 1798 2666 dico,
1827 2587 2002 2650 membran.
2027 2606 2107 2649 sacci.
2132 2585 2173 2647 X.

362 2695 526 2772 exeuntis,
559 2695 615 2776 qui
648 2714 735 2756 nnnc
763 2691 926 2754 Bruxellis
956 2699 1140 2780 asservatur
1169 2695 1201 2755 in
1233 2692 1507 2778 Burgundionum
1537 2695 1656 2757 ducum
1687 2693 1875 2756 bibliotheca
1905 2713 2038 2756 nrrrnero
2067 2693 2172 2755 101112

362 2802 520 2883 signatus,
549 2819 644 2883 quarn
668 2801 743 2862 olim
768 2801 799 2861 in
825 2799 927 2861 fronte
951 2801 1100 2862 carminis
1123 2799 1269 2863 habuerit
1298 2803 1552 2884 inscriptionem,
1587 2821 1669 2884 quae
1694 2801 1830 2864 duorum
1854 2819 2011 2864 versuum
2036 2801 2171 2883 spatinm

362 2907 541 2990 explevisse
560 2907 696 2986 videtur,
715 2907 897 2969 coniectura
916 2911 1039 2968 tantum
1060 2908 1189 2989 assequi
1208 2929 1393 2991 possumus,
1416 2929 1490 2971 cunr
1510 2911 1670 2991 genuinus
1690 2907 1803 2970 titulus
1821 2927 1933 2971 rasura
1952 2907 2031 2970 adeo
2051 2907 2173 2969 deletus

363 3015 418 3089 sit,
448 3019 484 3076 nt
514 3033 574 3076 non
613 3015 673 3075 nisi
709 3014 924 3076 minutissima
948 3014 1083 3096 vestigia
1116 3014 1230 3078 coloris
1265 3014 1348 3077 rubri
1381 3017 1624 3098 conspiciantur.
1682 3014 1797 3077 lllanus
1830 3022 1937 3077 tamen
1972 3015 2106 3094 saeculi,
2140 3020 2176 3074 nt

362 3121 505 3198 videtur,
533 3119 598 3182 XV
628 3120 793 3183 substituit
822 3119 918 3182 verba
945 3118 1072 3184 Molem
1098 3125 1196 3199 poeta.
1248 3121 1351 3184 Ceteri
1381 3123 1531 3184 carminis
1560 3121 1634 3185 libri
1663 3140 1769 3203 neque
1797 3123 2036 3205 inscriptionem
2068 3139 2173 3202 nequo

364 3227 629 3310 subscriptionem
654 3228 750 3290 ullam
776 3226 906 3306 habent,
929 3245 993 3308 qua
1015 3233 1126 3310 poetae
1150 3246 1267 3290 nomen
1287 3228 1489 3304 exhibeatur,
1513 3229 1544 3291 id
1569 3229 1655 3311 quod
1680 3229 1713 3290 in
1738 3229 1888 3290 (jusano
1915 3229 1964 3307 (O)
1990 3247 2120 3310 quoqne
2145 3232 2175 3288 ct

364 3334 520 3417 lipsiensi
545 3333 593 3413 (L)
623 3333 801 3414 codicibus,
835 3336 890 3416 qui
921 3340 953 3396 et
975 3335 1068 3396 aetati
1093 3339 1124 3396 et
1151 3333 1284 3396 bonitati
1313 3333 1550 3398 Gemblacensis
1573 3335 1646 3398 libri
1669 3336 1817 3418 proxime
1840 3335 2008 3414 accedunt,
2031 3335 2176 3397 evenisse

366 3443 481 3504 nostris
504 3441 606 3504 oculis
630 3442 779 3506 vidimus.

471 3548 626 3630 Idemque
649 3567 764 3610 nomen
788 3548 987 3628 gentilicium
1012 3548 1093 3610 redit
1111 3548 1144 3610 in
1174 3548 1241 3610 cod.
1268 3547 1458 3612 Vossiano
1488 3549 1573 3632 (1,),
1597 3550 1653 3631 qui
1678 3549 1738 3611 sub
1763 3569 1898 3612 numero
1924 3550 1987 3611 390
2012 3547 2176 3627 lnrgduni-

364 3657 472 3720 Batav.
498 3656 661 3736 conditur,
688 3662 718 3717 et
742 3657 775 3717 in
802 3655 987 3717 Vaticano
1013 3655 1098 3716 3099
1123 3654 1295 3718 chartaceis
1319 3675 1399 3718 saec.
1424 3655 1498 3736 XV,
1530 3676 1668 3739 quorum
1698 3656 1753 3718 ille
1783 3658 1815 3718 in
1846 3656 1921 3719 folio
1947 3656 2050 3738 primo
2083 3653 2177 3716 habet

364 3763 397 3824 M
414 3761 509 3843 ldallij
532 3760 662 3836 1111011
679 3764 962 3824 astronomicon
989 3761 1076 3824 diuo
1101 3769 1161 3824 oct
1184 3764 1337 3844 quirino
1352 3783 1434 3846 aug.
1463 3765 1674 3846 proemium
1691 3761 1741 3823 lib’
1754 3763 1808 3842 ρι’
1823 3771 1855 3826 et
1879 3761 1938 3825 snb
1957 3763 2020 3824 fine
2038 3761 2109 3824 libri
2129 3760 2175 3822 ll:

365 3868 406 3931 M.
431 3869 549 3950 mallij
575 3868 687 3930 boeni
716 3869 1004 3932 astronomicon
1031 3867 1334 3952 liberHexplicit3
1360 3869 1409 3932 hic
1430 3869 1613 3932 inscribitur
1631 3868 1672 3931 111.
1698 3867 1819 3932 llallii
1843 3874 1977 3953 poetae
2001 3868 2177 3932 Illustris

366 3976 409 4037 ad
434 3975 684 4038 Octavianum
709 3976 928 4058 Augustum
952 3977 1261 4038 Astronomicon.

473 4083 682 4164 similemque
715 4083 844 4145 titulum
875 4101 948 4164 prae
977 4101 1012 4144 se
1039 4081 1159 4145 terebat
1186 4083 1253 4145 cod.
1283 4082 1498 4147 Vossianus
1527 4102 1605 4147 saec.
1629 4082 1689 4144 XV
1720 4101 1807 4146 nunc
1840 4082 2079 4165 depc1·ditus,²)
2113 4101 2177 4162 quo

368 4189 586 4252 Ezechielis
610 4191 864 4270 Spanhernius
893 4195 924 4251 et
949 4187 1162 4251 ltichardus
1185 4189 1389 4253 Bentleins
1416 4192 1464 4252 nsi
1488 4197 1571 4253 srrnt.
1618 4191 1670 4254 Sic
1694 4200 1800 4254 autem
1827 4191 1878 4252 hio
1902 4189 1982 4252 liber
2005 4189 2178 4271 inscriptus

366 4295 467 4358 fnisse
492 4294 638 4356 traditur:
665 4294 779 4358 Marci
806 4295 928 4358 Mallii
951 4296 1133 4358 Antiochi
1157 4295 1323 4376 Boemilt
1348 4297 1645 4360 Astronomicon
1671 4295 1754 4360 Divo
1779 4296 1911 4359 Octavio
1932 4295 2067 4370 Quirino
2092 4299 2175 4377 Aug.

478 4541 503 4610 l)
521 4541 554 4594 ln
573 4541 692 4608 margine
711 4543 812 4596 codicis
831 4541 979 4611 Lipsiensis
999 4558 1094 4596 manus
1113 4543 1222 4610 antiqua
1240 4543 1274 4596 ad
1294 4544 1361 4597 reI
1380 4545 1433 4597 6112
1447 4561 1486 4613 sq.
1506 4544 1662 4613 adscripsit:
1682 4545 1730 4598 hol
1753 4545 1807 4596 uel
1827 4544 1889 4598 rilul
1911 4544 1984 4597 ducrt
2002 4562 2029 4596 ιιι
2050 4541 2178 4609 exeplum

371 4631 532 4700 prrioranul.;
552 4647 638 4698 nequo
658 4646 721 4684 vero
741 4632 812 4698 apud
831 4648 893 4684 curn
912 4635 1029 4686 exstant.
1045 4664 1077 4670 —
1102 4633 1209 4686 Titulus
1229 4632 1274 4686 ille
1294 4634 1326 4687 nb
1342 4633 1440 4686 Orellio
1455 4633 1548 4702 (48111)
1572 4634 1668 4700 editus,
1689 4635 1734 4702 qui
1754 4634 1863 4685 exhilnt
1882 4630 2179 4697 rer-snrnlllarnl.ll'1a,

370 4721 486 4773 liuticios
501 4725 554 4784 est3
570 4721 602 4772 cl.
613 4719 742 4772 Friderici
759 4719 898 4772 ltitschelii
918 4737 958 4788 op.
978 4721 1017 4774 IV
1030 4739 1054 4790 p.
1075 4724 1134 4776 251.

478 4811 504 4877 2)
525 4808 638 4862 Collatio
657 4807 812 4876 Spauhornii
831 4825 854 4862 a.
876 4809 944 4863 16711
963 4811 996 4863 ad
1014 4811 1184 4865 Windsoram
1204 4811 1231 4863 iu
1252 4811 1317 4866 villa
1337 4812 1468 4866 Vossiana
1487 4813 1607 4866 conlecta
1626 4811 1743 4864 Berolini
1763 4813 1833 4864 inter
1852 4810 1932 4864 libros
1952 4809 2106 4877 Sprnnhenrii
2131 4809 2180 4862 sub

373 4914 427 4952 uro.
447 4901 482 4950 44
501 4903 669 4962 asservatum
688 4897 771 4950 Jacob
807 4915 833 4964 p.
853 4897 927 4952 XIV.

479 4989 505 5050 3]
525 4986 675 5054 Bentleius,
701 4989 779 5040 «ruins
804 4988 831 5038 in
857 5003 936 5040 usum
956 4989 1009 5042 duo
1034 4991 1148 5044 studiosi
1173 4989 1357 5044 adulescentes
1382 4989 1465 5056 Lugd.
1492 4990 1550 5043 Bet.
1571 4991 1690 5046 codicem
1717 4989 1900 5054 contulerunt,
1922 4987 2010 5040 Poeni
2034 5004 2130 5041 nomen
2154 4987 2180 5038 in

372 5075 451 5128 titulo
470 5076 549 5128 affert
567 5094 592 5144 p.
611 5075 653 5129 XI
672 5079 698 5128 ct
717 5075 791 5130 XIV.
