4854 5816
1055 413 1210 422 --....
1270 379 1317 450 12
1374 414 1533 422 -.-..

1185 588 1323 653 CAPUT
1346 587 1403 652 ΙΙΙ.

1073 749 1125 816 Ile
1149 751 1268 816 aetate
1292 747 1336 816 M.
1360 747 1513 816 Menllil.

490 872 599 936 Restat
618 879 655 935 ut
678 874 715 936 (le
739 879 878 953 aetate,
902 894 965 956 qna
985 873 1138 937 Manilius
1156 874 1257 938 fuisse
1277 875 1329 938 vel
1352 875 1461 957 potius
1485 875 1523 937 dc
1543 876 1695 956 temporis
1722 876 1836 958 spatio,
1858 877 1943 939 intra
1962 880 2048 960 quod
2070 899 2197 942 carmen

385 1000 482 1043 suum
507 980 726 1062 composuisse
750 981 913 1062 putandus
937 982 986 1060 sit,
1010 981 1220 1064 disputemus.

491 1085 598 1168 Atque
631 1085 708 1149 liaeo
737 1087 899 1168 quaestio,
932 1107 1013 1170 quae
1046 1087 1096 1151 his
1127 1089 1332 1170 potissimum
1370 1088 1464 1150 antris
1497 1088 1640 1150 virerum
1670 1088 1821 1150 carminis
1852 1087 2012 1150 Maniliaui
2040 1093 2198 1154 studioso·

385 1213 455 1254 rum
481 1211 571 1256 acres
595 1194 696 1256 movit
721 1195 964 1275 coutroversiae,
988 1194 1172 1257 difficillima
1197 1200 1245 1257 cst
1268 1193 1307 1256 ud
1331 1193 1529 1258 solvendum.
1568 1192 1694 1256 Etenim
1721 1213 1760 1256 ex
1786 1194 1911 1257 diversa
1937 1215 2057 1276 corum,
2083 1201 2137 1278 qui
2164 1201 2194 1260 iu

387 1319 518 1362 examen
545 1299 679 1362 vocandi
704 1305 790 1380 sunt,
813 1301 956 1363 locorum
980 1301 1238 1383 interpretatione
1261 1299 1354 1383 plane
1379 1300 1505 1363 diversa
1528 1302 1606 1364 viris
1626 1301 1725 1364 doctis
1745 1301 1949 1384 placueruut3
1975 1303 2060 1364 uude
2079 1304 2195 1367 tiletum

388 1412 446 1484 est,
465 1413 510 1485 nt,
529 1425 594 1489 quo
616 1407 689 1489 quis
708 1407 810 1490 magis
829 1414 940 1490 poetae
959 1406 1055 1470 verba
1075 1413 1249 1488 torqueret,
1267 1412 1304 1469 ut
1324 1427 1418 1490 quam
1441 1408 1474 1470 in
1494 1408 1541 1471 eis
1559 1408 1666 1471 inesse
1685 1407 1781 1472 vellet
1801 1409 1867 1470 vim
1886 1429 1922 1471 ac
1943 1410 2105 1472 notionem
2123 1411 2197 1473 inde

385 1512 569 1596 depromere
593 1519 710 1596 posset,
733 1532 770 1576 eo
794 1513 923 1596 longius
948 1535 965 1576 a
988 1532 1064 1576 vero
1089 1511 1255 1579 aberraret

490 1619 637 1702 Namque
664 1625 701 1682 ut
729 1621 914 1683 omittamus
942 1640 1081 1684 errorem
1111 1619 1303 1702 Gerartii,
1331 1641 1349 1682 a
1374 1640 1438 1703 quo
1467 1625 1591 1704 praeter
1619 1619 1698 1684 alios
1723 1621 1805 1683 haud
1835 1642 1955 1704 paucos
1982 1624 2075 1686 etiam
2106 1623 2140 1684 bl.
2169 1622 2198 1684 d.

384 1726 600 1805 Vossium¹l
629 1745 745 1790 avara
768 1727 819 1788 ria
843 1725 1040 1808 aliquamdiu
1065 1745 1135 1790 esse
1159 1727 1331 1791 deductum
1363 1729 1469 1790 mirari
1498 1747 1564 1789 non
1593 1728 1668 1790 satis
1697 1747 1845 1811 possum,
1878 1729 1935 1811 qui
1958 1729 2125 1792 Manilium
2161 1729 2198 1791 ad

383 1833 551 1897 Theodosii
580 1839 719 1916 tempora
749 1832 888 1896 detrudit
917 1833 1053 1897 eundem
1084 1852 1153 1897 esse
1182 1833 1352 1898 arbitratus
1379 1840 1475 1916 atque
1499 1833 1645 1896 Flavium
1669 1833 1870 1898 Theodorum
1900 1834 2072 1910 Manlium,
2101 1836 2200 1912 nulle,

384 1945 422 2003 ut
445 1941 566 2023 opinor,
588 1945 712 2023 praeter
735 1939 899 2022 singulare
924 1940 1084 2022 quoddam
1110 1929 1236 2003 dicendi
1255 1961 1369 2024 genus,
1391 1941 1453 2004 alia
1473 1960 1505 2004 re
1529 1945 1708 2002 commotus
1732 1940 1795 2002 nisi
1814 1948 1845 2004 et
1864 1943 2003 2005 norrrinis
2028 1943 2199 2026 utriusque

384 2047 546 2130 scriptoris
570 2052 602 2110 et
625 2046 803 2114 studiorum
829 2049 1111 2110 astronomicorum
1135 2048 1243 2129 aliqua
1272 2048 1481 2112 similitudine
1505 2054 1536 2111 et
1559 2065 1717 2110 consensu
1747 2047 1902 2130 quodam,
1930 2050 1987 2131 qiu
2016 2068 2125 2132 reapse
2153 2055 2201 2112 est

384 2154 468 2216 inter
495 2153 668 2216 nonnullos
696 2152 819 2215 Manilii
848 2160 943 2236 atque
971 2152 1100 2216 Firmici
1124 2153 1260 2217 Materni
1289 2154 1425 2236 locos,²)
1460 2155 1554 2217 cuius
1582 2154 1760 2217 matheseos
1788 2153 1879 2218 libris
1905 2154 2072 2218 Manilium
2102 2176 2198 2219 usum

385 2279 455 2324 esse
477 2259 557 2323 falso
577 2260 784 2335 existimarim
810 2264 918 2343 (quam
939 2262 1122 2343 opinionem
1146 2280 1186 2324 ue
1209 2260 1437 2344 amplectamur
1460 2261 1509 2324 vel
1530 2261 1617 2342 leges
1636 2261 1793 2340 metricae,
1818 2282 1898 2344 quas
1916 2263 2200 2326 astronomicorum

384 2373 495 2430 auctor
523 2367 763 2448 diligentissime
792 2366 911 2450 ubique
935 2373 1066 2430 secutus
1099 2373 1161 2448 est,
1184 2368 1320 2450 optimae
1349 2367 1504 2447 obstanti:
1538 2367 1596 2430 hac
1623 2368 1720 2451 igitur
1743 2366 1885 2430 Gerartii
1908 2370 2058 2451 opinione
2083 2371 2201 2434 omissa

384 2475 417 2536 in
442 2479 507 2536 tres
531 2474 670 2536 maxime
689 2479 794 2556 partes
817 2475 992 2537 sententias
1015 2474 1156 2536 virorum
1181 2474 1345 2538 doctorum
1370 2475 1529 2538 discedere
1553 2475 1708 2538 videmus.

492 2579 635 2655 Quorum
665 2579 838 2662 Scaliger
866 2579 1039 2643 Octaviano
1064 2583 1213 2664 Augusto
1242 2589 1365 2664 poetam
1396 2601 1476 2664 opus
1506 2601 1603 2645 sunm
1633 2581 1795 2644 dedicasse
1825 2588 1935 2646 censet
1963 2602 2030 2646 rem
2059 2591 2095 2648 ut
2124 2585 2200 2648 sertis

385 2687 585 2770 perspicuam
619 2685 720 2749 obiter
748 2693 896 2769 tangens3
938 2706 1012 2750 cum
1050 2706 1087 2750 eo
1120 2685 1324 2752 Bentleius
1357 2695 1388 2752 et
1422 2688 1611 2772 Pingreus
1644 2689 1779 2768 faciunt,
1817 2689 1868 2752 ille
1906 2691 2063 2773 imprimis
2095 2712 2200 2774 gram-

387 2795 500 2856 matica
524 2794 631 2875 aliqua
655 2799 833 2856 commotus
857 2792 1089 2874 observatione,
1113 2813 1195 2876 quae
1218 2795 1258 2858 ad
1281 2795 1465 2878 genetivum
1491 2796 1617 2858 numeri
1640 2795 1813 2877 singularis
1837 2797 2004 2861 neminum
2029 2797 2200 2861 substanti-

385 2919 500 2962 vorum
529 2901 564 2962 in
592 2899 643 2962 ius
670 2899 721 2962 vel
750 2898 816 2962 iem
849 2900 1065 2964 desinentium
1099 2907 1234 2985 spectat,
1267 2921 1363 2984 quam
1395 2907 1498 2964 tamen
1536 2901 1786 2965 observationem
1820 2903 1912 2965 nihili
1945 2923 2015 2968 esse
2039 2925 2080 2968 ex
2104 2905 2199 2969 Nouii

386 3007 511 3088 egregio
535 3005 614 3068 libro
639 3005 801 3069 discimus.
810 3007 835 3086 ³)

494 3111 611 3175 Contra
635 3130 671 3175 ea
694 3110 715 3173 J
721 3112 838 3176 acobo
863 3120 959 3196 atque
982 3112 1183 3192 Merkelio‚
1208 3117 1263 3197 qui
1288 3114 1348 3178 snb
1372 3113 1461 3177 lbide
1485 3115 1590 3177 Ovidii
1615 3113 1782 3177 Manilium
1806 3114 1949 3178 abditum
1974 3117 2072 3181 latere
2096 3120 2201 3201 suspi-

387 3221 521 3298 cature„
543 3225 635 3302 poeta
655 3223 778 3282 tautum
799 3227 951 3303 quattuor
974 3222 1097 3305 priores
1120 3221 1217 3284 libros
1236 3223 1385 3303 Augusto
1406 3222 1479 3284 vivo
1500 3221 1688 3301 condidisse,
1713 3223 1862 3304 quintum
1882 3221 1998 3286 librum
2018 3225 2199 3289 intermisso

387 3327 494 3409 aliquo
518 3326 668 3408 temporis
693 3327 791 3409 spatio
820 3326 881 3390 sub
907 3326 1030 3390 Tiberio
1053 3327 1212 3391 addidisse
1245 3328 1335 3391 visus
1367 3335 1423 3392 est.
1470 3329 1577 3410 Atque
1606 3328 1673 3390 fere
1703 3329 1787 3391 idem
1820 3335 2002 3393 statuerunt
2027 3331 2201 3414 Woltjer,

390 3433 565 3500 ,Manilium
576 3433 717 3514 Augusti
737 3449 835 3516 regno
855 3439 996 3496 exeunte
1016 3437 1060 3513 (et
1077 3433 1192 3497 'liberii
1211 3436 1344 3498 ineunte
1363 3434 1505 3514 tortasse)
1525 3433 1681 3498 floruisse‘
1701 3441 1800 3517 ratae,
1818 3443 1849 3499 et
1867 3439 1905 3498 A.
1917 3436 2198 3518 CartaultiusJ‘)

388 3541 453 3622 ,qui
473 3540 623 3623 primum,
646 3539 792 3616 alterum,
815 3541 943 3603 tertium
969 3539 1068 3603 libros
1093 3547 1165 3604 ante
1184 3541 1370 3625 Augustum
1395 3549 1570 3622 mortuum,
1594 3547 1743 3624 quartum
1768 3548 1872 3606 tamen
1898 3551 1929 3608 et
1953 3545 2103 3628 quintum
2128 3553 2201 3628 post

389 3647 459 3710 eius
483 3645 604 3708 obitum
628 3647 669 3708 ita
694 3647 887 3723 compositos
912 3665 980 3710 esse
1004 3648 1088 3727 vult,
1111 3653 1146 3710 ut
1169 3654 1262 3732 poeta
1285 3654 1389 3711 totum
1413 3668 1507 3732 opus,
1540 3648 1594 3711 ubi
1624 3650 1762 3732 primum
1788 3669 1913 3714 summa
1945 3670 2050 3715 rerum
2074 3651 2199 3715 Tiberio

390 3752 491 3814 delata
516 3762 608 3833 esset,
632 3752 782 3816 edidisset
805 3759 836 3816 et
858 3772 971 3816 omnes
995 3773 1049 3817 eos
1073 3755 1276 3818 immutasset
1299 3755 1394 3831 locos,
1418 3756 1473 3838 qui
1499 3756 1636 3839 Augusti
1663 3756 1772 3819 laudes
1796 3759 2014 3822 continerent}

496 3858 712 3921 Lachmann
738 3859 876 3943 denique
905 3861 1052 3943 Augusto
1076 3861 1203 3924 demum
1228 3867 1354 3925 mortuo
1384 3880 1503 3944 opusa
1535 3867 1623 3944 poeta
1648 3862 1830 3926 incohatum
1857 3871 1888 3927 et
1916 3864 2096 3930 confectum
2130 3884 2201 3930 esse

390 3965 449 4030 sibi
480 3967 648 4048 persuasit.
699 3967 950 4048 Acerrimusque
983 3967 1080 4031 huius
1113 3969 1273 4051 opinionis
1303 3968 1448 4032 defensor
1480 3969 1601 4032 exstitit
1631 3971 1662 4031 in
1696 3967 1908 4034 Bertholdo
1942 3970 2109 4054 Freiere,
2145 3973 2200 4054 qui

392 4072 493 4136 ullum
524 4091 593 4134 esse
622 4091 751 4136 versum
780 4075 1067 4136 astronomieerum
1097 4081 1203 4159 negat,
1236 4095 1278 4138 ex
1306 4095 1370 4158 quo
1399 4082 1548 4159 appareat
1585 4075 1771 4158 Augustum
1805 4077 1965 4142 scribente
1997 4085 2089 4162 poeta
2118 4081 2201 4141 inter

391 4180 482 4243 vivos
504 4178 611 4242 fuisse.
654 4177 767 4260 Immo,
790 4179 905 4262 inquit,
928 4180 988 4243 sub
1007 4180 1130 4246 Tiberio
1151 4181 1302 4246 Manilius
1325 4181 1442 4259 floruit,
1467 4183 1521 4265 qui
1547 4201 1633 4245 unus
1651 4201 1692 4246 ex
1713 4181 1893 4247 Germanici
1912 4186 2008 4248 sociis
2027 4183 2088 4248 fuit
2105 4191 2201 4268 atquo

392 4305 457 4349 una
481 4305 553 4348 cum
579 4285 766 4348 Gernranico
790 4287 941 4351 orientem
967 4289 1050 4351 visit.
1090 4287 1139 4353 De
1161 4291 1395 4354 astronomicon
1419 4295 1526 4352 autem
1550 4295 1650 4352 aetate
1674 4291 1721 4352 sio
1743 4290 1873 4373 indicat,
1897 4297 1932 4354 ut
1956 4297 2092 4373 censeat,
2115 4312 2202 4356 com·

392 4394 530 4477 positum
555 4410 624 4455 esse
648 4391 762 4456 librum

502 4553 524 4613 ll
544 4549 583 4604 Cl.
603 4550 745 4604 Gerartius
768 4553 795 4603 io
815 4553 880 4605 sut.
905 4552 966 4605 silv.
986 4551 1070 4606 [113.
1092 4583 1124 4592 -
1145 4553 1279 4608 Gerardus
1297 4555 1413 4610 leemas
1434 4554 1546 4608 Vossius
1570 4555 1602 4607 de
1621 4553 1694 4608 Poet.
1715 4554 1799 4609 Latin.
1820 4573 1846 4624 p.
1871 4557 1904 4608 3?
1924 4555 2057 4612 Amsteld.
2078 4573 2100 4611 a.
2122 4558 2198 4612 robe.

501 4639 991 4708 Mwwmpfflapfflnb

501 4729 528 4791 3)
548 4728 699 4782 Fridericua
719 4727 803 4794 Neue,
823 4727 1011 4782 Formenlehre
1030 4731 1078 4783 der
1097 4728 1141 4785 lat.
1162 4730 1280 4798 Spraehe
1299 4731 1325 4784 Ι2
1344 4749 1368 4800 p.
1388 4733 1420 4786 el
1443 4750 1482 4801 sq.
1504 4763 1536 4772 -
1556 4732 1594 4787 el.
1615 4731 1723 4786 Cramer
1742 4750 1766 4801 p.
1787 4735 1803 4787 5
1823 4752 1847 4788 n.
1870 4735 1892 4786 l.

501 4817 528 4884 4]
549 4817 616 4870 Rud.
636 4816 735 4871 Merkel
750 4815 850 4886 prolus,
870 4817 902 4870 ad
921 4817 981 4870 lhin
1001 4835 1025 4886 p.
1045 4819 1112 4873 400:
1132 4817 1225 4885 ,Credo
1243 4819 1326 4887 igitur
1343 4821 1400 4874 Ibin
1420 4838 1485 4876 vero
1505 4822 1611 4876 nomine
1629 4822 1792 4891 appellatum
1811 4823 1895 4877 luisse
1911 4822 2051 4877 Manilium
2067 4823 2202 4878 Poenum)

395 4909 431 4959 at
450 4907 519 4974 m'de,
539 4921 607 4975 quae
626 4905 687 4959 Otto
703 4904 847 4960 Ribbeck
867 4905 899 4958 de
918 4905 969 4960 hac
987 4923 1016 4960 re
1036 4906 1100 4960 dicit
1118 4907 1147 4960 in
1166 4909 1240 4961 aurei
1260 4907 1328 4976 libri,
1348 4910 1393 4978 qui
1413 4911 1570 4964 inscribitur
1585 4911 1745 4965 Geselriehte
1765 4912 1812 4964 der·
1831 4911 1921 4965 Roem.
1942 4913 2088 4980 Diohtung,
2109 4913 2161 4966 vol.
2176 4913 2201 4966 ll

396 5012 421 5062 p.
442 4995 492 5048 327
512 5011 552 5062 aq.
575 5024 609 5033 -
630 4994 764 5048 Robinson
784 4993 851 5048 Ellis
870 4993 887 5048 l.
908 4994 925 5047 l.

503 5085 529 5152 5)
550 5087 580 5136 A.
600 5082 726 5152 Caimult,
747 5083 839 5136 Rerue
859 5085 973 5151 critique
992 5102 1016 5137 rr.
1037 5087 1069 5138 15
1089 5101 1111 5139 a.
1133 5085 1209 5139 lass.
1230 5116 1262 5124 -
1283 5089 1315 5140 A.
1334 5085 1461 5142 Kraemer
1479 5088 1495 5143 l.
1516 5089 1532 5142 l.
1552 5107 1577 5156 p.
1598 5091 1621 5142 7.
