4854 5816
534 731 551 795 I
575 731 639 794 384
1263 748 1329 794 uno
1351 731 1528 794 vincuntur
1549 731 1582 792 in
1608 735 1691 794 astro

687 839 847 919 Augusto,
870 839 960 902 sidus
983 843 1092 902 nostro
1116 838 1202 921 quod
1226 838 1359 918 contigit
1381 835 1467 900 orbi:

688 947 802 1009 Caesar
824 964 913 1008 nunc
937 947 1039 1024 terris,
1062 951 1134 1030 post
1155 945 1242 1010 caelo
1268 944 1429 1008 maxbnus
1453 951 1570 1008 auctor.

370 1073 406 1136 ln
432 1092 526 1136 versu
552 1071 649 1135 altero
673 1070 823 1135 omnibus
847 1069 936 1132 libris
960 1071 1186 1154 manuscriptis
1209 1069 1292 1150 quod
1313 1067 1538 1154 praebentibus
1561 1067 1726 1132 Bentleius
1748 1068 1804 1148 qui
1831 1067 1948 1144 scribit,
1974 1066 2074 1131 Jacob

263 1180 344 1262 quod
366 1180 498 1244 retinuit
521 1197 581 1242 nec
605 1185 708 1242 tamen
733 1178 920 1261 explicavit,
947 1176 1100 1241 Kraemer
1127 1177 1210 1240 hanc
1234 1175 1382 1241 voculam
1406 1176 1640 1240 coniunctionis
1662 1175 1732 1239 rice
1755 1175 1846 1258 fungi
1869 1180 1958 1238 ratus
1982 1176 2075 1258 siguo

263 1285 512 1372 interpungendi
536 1287 568 1348 in
594 1285 657 1349 fine
686 1285 789 1348 deleto
820 1286 867 1348 sic
899 1285 1127 1368 interpretatur
1154 1287 1193 1368 (p.
1219 1285 1287 1364 32):
1322 1303 1396 1364 ,uno
1426 1283 1461 1346 in
1491 1287 1575 1346 astro
1599 1283 1750 1365 Augusto
1775 1283 1950 1345 vincuntur
1979 1280 2074 1344 alieni

263 1395 340 1458 caeli
365 1393 481 1474 sidera,
500 1393 576 1477 quia
600 1392 689 1456 sidus
713 1399 821 1456 nostro
845 1390 915 1455 orbi
938 1392 1072 1474 contigit
1091 1391 1205 1456 Caesar
1222 1392 1412 1474 Augustus.t
1454 1390 1604 1454 Attamen
1629 1388 1714 1452 haud
1738 1388 1805 1452 seio
1829 1409 1869 1451 an
1893 1388 2074 1472 expeditius

262 1501 341 1564 llrrau
363 1501 478 1582 oratio,
505 1501 532 1564 si
557 1499 726 1564 relativum
751 1517 822 1563 csso
850 1498 937 1562 illam
962 1517 1074 1562 vocem
1099 1499 1224 1575 statuis,
1261 1497 1411 1562 ultimum
1440 1503 1545 1560 autem
1577 1515 1706 1560 versum
1736 1496 1944 1578 appositionis
1967 1496 2075 1577 instar,

264 1629 360 1692 quum
385 1608 497 1671 dieunt
518 1607 727 1690 grammatici,
749 1605 788 1670 ad
811 1605 902 1670 sidus
927 1606 1159 1669 nominativum
1185 1625 1256 1669 osse
1280 1605 1430 1668 additum.
1473 1602 1567 1679 Quod
1591 1603 1617 1665 si
1640 1601 1803 1687 probatur,
1825 1603 1905 1666 ratio
1929 1603 2075 1688 postulat,

264 1721 300 1779 ut
322 1714 465 1796 Augusto
489 1713 635 1778 adiectivi
660 1732 729 1778 essa
752 1712 884 1776 formam
909 1711 1062 1793 dieamus,
1085 1712 1171 1795 quod
1194 1713 1278 1776 idem
1303 1711 1407 1774 valeat
1429 1717 1525 1794 atque
1547 1714 1677 1775 sauctus
1700 1710 1750 1774 vel
1773 1707 1923 1774 sublimis.

369 1820 538 1905 Similique
563 1821 680 1885 ductus
704 1821 897 1904 cogitatione
921 1823 1014 1903 poeta
1032 1818 1219 1902 Augustum
1243 1821 1278 1882 in
1302 1818 1390 1882 caelo
1413 1819 1498 1882 inter
1519 1817 1656 1900 gentiles
1680 1817 1751 1882 cius
1769 1837 1787 1880 a
1806 1815 1931 1881 Vcncro
1955 1817 2076 1880 scilicet

262 1929 413 1994 oriundos
436 1929 560 1993 caelum
585 1933 748 2012 regentem
772 1927 859 1992 ridet
880 1925 1028 1990 versibus
1051 1927 1115 1990 bis:

537 2044 553 2106 I
578 2044 641 2106 798
1113 2041 1315 2126 Venerisque
1337 2041 1376 2106 ab
1399 2042 1522 2124 origiue
1545 2041 1648 2124 proles

687 2148 776 2213 dulia
799 2149 965 2213 descondit
987 2148 1074 2213 caelo
1099 2149 1287 2232 caelumque
1297 2153 1320 2230 ¹)
1342 2148 1487 2233 replevit,

580 2258 645 2320 800
692 2255 785 2332 Quod
808 2257 889 2340 regit
911 2256 1083 2340 Augustus
1107 2259 1191 2321 socio
1215 2276 1272 2341 per
1295 2257 1386 2340 signa
1408 2253 1559 2319 Tonante.

690 2363 800 2427 Cernit
824 2369 856 2426 et
877 2364 911 2426 in
935 2370 1028 2428 coetu
1053 2361 1172 2432 Divum
1195 2381 1415 2447 magnumque
1439 2361 1611 2438 Quirinum

690 2470 799 2534 Altius
823 2471 952 2534 aetherii
977 2491 1071 2554 quam
1098 2471 1212 2535 candet
1234 2470 1374 2534 circulus
1398 2469 1491 2534 orbis

688 2577 750 2641 Illa
773 2577 868 2641 deum
892 2577 995 2660 eadee,
1018 2577 1096 2642 baec
1118 2577 1183 2642 illis
1206 2579 1361 2662 proxima,
1385 2577 1506 2657 divum,

689 2683 751 2761 Qui
775 2685 891 2748 virtute
914 2703 973 2748 sua
996 2685 1117 2749 similes
1141 2685 1278 2768 vestigia
1300 2690 1443 2768 tangunt.

372 2801 442 2878 Qua
465 2803 496 2865 ln
523 2801 642 2885 duplici
667 2807 830 2883 tamquam
859 2798 1004 2866 Caesaris
1028 2802 1169 2884 Augusti
1198 2805 1312 2864 natura
1342 2807 1373 2864 et
1400 2802 1432 2863 in
1463 2807 1546 2864 terra
1576 2801 1805 2862 commorantis
1828 2807 1860 2863 et
1882 2797 1964 2862 lore
1989 2799 2074 2862 socio

263 2909 377 2973 orbem
402 2917 557 2973 terrenam
584 2908 722 2992 regentis
746 2907 774 2970 is
797 2926 862 2970 non
886 2907 1074 2988 offendetur,
1098 2908 1153 2991 qui
1176 2907 1359 2971 meminerit
1382 2913 1413 2972 et
1434 2907 1558 2971 Horatii
1583 2927 1608 2970 e.
1633 2905 1680 2970 ΙΠ
1705 2909 1736 2988 3,
1760 2909 1778 2970 9
1803 2927 1862 2990 sq:

688 3031 759 3096 Hac
781 3038 847 3096 arte
870 3031 987 3096 Pollux
1010 3039 1042 3098 et
1063 3053 1166 3116 vagus
1189 3031 1345 3098 Hercules

688 3137 809 3204 Enisus
831 3159 921 3204 arces
944 3140 1049 3224 attigit
1070 3141 1188 3224 igneas,

797 3245 889 3322 Quos
916 3249 1000 3312 inter
1021 3250 1192 3331 Augustus
1216 3245 1407 3311 recumbens

901 3353 1068 3440 Purpureo
1092 3353 1173 3418 bibit
1195 3373 1251 3419 ore
1275 3359 1393 3436 nectar,

264 3477 318 3544 ubi
351 3479 429 3562 ipsis
462 3480 512 3542 bis
542 3478 621 3543 loeis
644 3477 826 3542 blanilianis
854 3480 945 3542 nisus
973 3497 1125 3562 praesens
1158 3484 1286 3562 tempus
1318 3478 1392 3542 bibit
1424 3477 1510 3542 verbi
1538 3477 1680 3542 Bentleio
1712 3476 1908 3560 adstipulans
1938 3477 2074 3552 retineo,

262 3593 294 3650 et
317 3605 472 3650 versuum
498 3585 625 3649 illorum
650 3587 902 3668 notissimorum,
926 3605 1008 3669 quos
1031 3585 1253 3670 percommode
1277 3585 1404 3650 Lansrm
1429 3591 1470 3670 (p.
1495 3585 1549 3666 29)
1575 3585 1638 3648 huc
1661 3584 1794 3648 rettulit:

688 3709 790 3774 Nocte
812 3711 895 3794 pluit
918 3716 997 3788 tota3
1021 3710 1156 3775 redeunt
1179 3712 1359 3795 spectacula
1382 3730 1489 3775 mane:

796 3815 945 3882 Divisum
970 3819 1138 3901 imperium
1164 3837 1236 3882 cum
1259 3817 1343 3881 Jove
1367 3817 1483 3882 Caesar
1504 3816 1606 3882 habet.

370 3940 416 4005 Re
439 3947 547 4006 autem
571 3960 648 4005 vera
670 3943 859 4025 Augustum
884 3941 1014 4006 Manilio
1038 3941 1195 4006 scribente
1219 3943 1301 4006 inter
1324 3944 1415 4007 vivos
1437 3943 1535 4007 luisse
1558 3943 1632 4006 trine
1656 3959 1785 4024 quoque
1810 3940 1930 4004 elucet:

539 4065 554 4129 1
580 4067 643 4128 925
690 4067 738 4130 Sit
761 4072 849 4151 pater
873 4068 1011 4131 invictus
1035 4069 1168 4151 patriam
1193 4069 1236 4132 sit
1257 4068 1359 4132 Romu
1382 4067 1442 4132 snb
1465 4068 1529 4148 illo,

691 4173 838 4256 Cumque
862 4173 957 4238 deum
982 4174 1068 4238 caelo
1092 4174 1222 4252 dederit,
1244 4195 1309 4238 non
1335 4181 1469 4258 quaerat
1490 4176 1524 4238 in
1549 4173 1624 4238 orbo

268 4297 287 4359 i.
311 4317 336 4360 e.
359 4297 462 4361 Roma
485 4297 540 4359 ubi
564 4298 704 4381 primum
729 4301 913 4382 Augustum
940 4299 1003 4362 vita
1027 4299 1211 4363 defunctum
1237 4300 1323 4364 caelo
1347 4300 1532 4380 reddiderit,
1565 4319 1605 4364 ne
1628 4300 1660 4361 in
1685 4308 1768 4364 terra
1798 4297 1968 4380 desideret,
2000 4297 2076 4382 quia

268 4423 333 4466 arara
358 4423 431 4469 cum
454 4403 538 4468 Jove
561 4405 594 4467 in
618 4409 783 4488 posterum
807 4425 857 4469 res
880 4404 1039 4469 Romanas
1064 4405 1212 4469 tuebitur.
1258 4405 1299 4470 Et
1322 4409 1415 4471 vivus
1439 4409 1610 4492 Aargustus
1634 4408 1728 4470 ctiam
1754 4407 1806 4470 hic
1829 4405 1987 4471 creditur:

510 4529 554 4593 lV
582 4531 645 4592 933
691 4529 740 4594 Ne
763 4530 890 4595 dubites
914 4531 1036 4594 nomini
1060 4531 1187 4596 divinos
1211 4532 1339 4596 credere
1363 4534 1460 4597 visus,

691 4637 765 4700 Jarn
788 4637 863 4701 facit
888 4640 953 4721 ipse
977 4638 1053 4702 deos
1077 4639 1237 4722 mittitque
1260 4639 1299 4702 ad
1324 4638 1427 4703 sidera
1450 4658 1587 4718 numam

691 4742 797 4807 Maius
821 4751 853 4807 at
875 4745 1025 4828 Augusto
1049 4751 1171 4810 crescat
1193 4745 1254 4810 sub
1277 4747 1420 4830 principe
1444 4745 1577 4828 caelum,

267 4887 405 4949 quorum
435 4885 588 4932 versuum
619 4869 700 4932 duos
729 4869 850 4952 priores
883 4869 922 4932 de
955 4870 1072 4952 populo
1096 4869 1239 4934 Romano
1271 4871 1368 4934 velim
1402 4871 1578 4954 intellegas,
1612 4873 1667 4956 qui
1691 4871 1840 4954 Augusto
1874 4871 1947 4934 vivo
1980 4870 2075 4933 sicuti

268 4981 360 5037 antea
384 4975 495 5036 maiori
519 4974 589 5038 eius
612 4975 774 5040 avarnculo
798 4995 910 5040 omnes
934 4975 1061 5040 divinos
1084 4977 1219 5041 honores
1243 4977 1392 5042 decrevit

392 5129 418 5196 1)
438 5127 576 5185 Robinson
595 5131 676 5200 lillis,
695 5133 774 5188 Some
792 5134 977 5190 emendations
996 5135 1024 5190 ol
1040 5133 1181 5204 Manilius,
1204 5133 1230 5188 in
1251 5134 1379 5192 Classical
1397 5135 1508 5191 &vicu
1527 5137 1580 5192 vol.
1599 5137 1638 5190 lv
1655 5137 1724 5190 1890
1742 5153 1766 5204 p.
1785 5137 1835 5190 193
1856 5153 1895 5206 sq.
1914 5136 1975 5191 rrdt
1994 5135 2077 5191 scribi

265 5221 419 5287 soliumque
436 5219 557 5289 replerit,
577 5221 605 5274 id
624 5222 694 5290 quod
713 5226 740 5276 et
759 5239 877 5278 conexus
896 5225 1039 5280 uerborum
1058 5228 1085 5278 et
1104 5241 1169 5280 usus
1189 5224 1370 5279 Romanorum
1390 5225 1536 5280 dissuadet.
1848 5305 1863 5340 t

1826 5307 1842 5360 3
