<?xml version="1.0" encoding="UTF-8"?>
<!DOCTYPE html PUBLIC "-//W3C//DTD XHTML 1.0 Transitional//EN"
    "http://www.w3.org/TR/xhtml1/DTD/xhtml1-transitional.dtd">
<html xmlns="http://www.w3.org/1999/xhtml" xml:lang="en" lang="en">
 <head>
  <title>
</title>
<meta http-equiv="Content-Type" content="text/html;charset=utf-8" />
  <meta name='ocr-system' content='tesseract 3.04.00' />
  <meta name='ocr-capabilities' content='ocr_page ocr_carea ocr_par ocr_line ocrx_word'/>
</head>
<body>
  <div class='ocr_page' id='page_1' title='image "./demmanilioastro00bechgoog_0012.png"; bbox 0 0 4854 5816; ppageno 0'>
   <div class='ocr_carea' id='block_1_1' title="bbox 972 413 1424 487">
    <p class='ocr_par' dir='ltr' id='par_1_1' title="bbox 972 413 1424 487">
     <span class='ocr_line' id='line_1_1' title="bbox 972 413 1424 487; baseline -0.009 -28"><span class='ocrx_word' id='word_1_1' title='bbox 972 413 1424 487; x_wconf 52' lang='grc'>*5,-</span> 
     </span>
    </p>
   </div>
   <div class='ocr_carea' id='block_1_2' title="bbox 287 625 2107 3602">
    <p class='ocr_par' dir='ltr' id='par_1_2' title="bbox 287 625 2096 816">
     <span class='ocr_line' id='line_1_2' title="bbox 287 625 2096 710; baseline -0.001 -19"><span class='ocrx_word' id='word_1_2' title='bbox 287 648 327 693; x_wconf 92' lang='lat' dir='ltr'>ne</span> <span class='ocrx_word' id='word_1_3' title='bbox 352 629 383 692; x_wconf 92' lang='lat' dir='ltr'>in</span> <span class='ocrx_word' id='word_1_4' title='bbox 409 629 538 692; x_wconf 91' lang='lat' dir='ltr'>nomine</span> <span class='ocrx_word' id='word_1_5' title='bbox 561 627 691 710; x_wconf 87' lang='lat' dir='ltr'>quidem</span> <span class='ocrx_word' id='word_1_6' title='bbox 714 627 874 710; x_wconf 88' lang='lat' dir='ltr'>insculpto</span> <span class='ocrx_word' id='word_1_7' title='bbox 898 631 1044 690; x_wconf 79' lang='lat' dir='ltr'><strong>auctores</strong></span> <span class='ocrx_word' id='word_1_8' title='bbox 1072 625 1116 689; x_wconf 91' lang='lat' dir='ltr'>illi</span> <span class='ocrx_word' id='word_1_9' title='bbox 1141 627 1356 690; x_wconf 78' lang='lat' dir='ltr'>consentiant:</span> <span class='ocrx_word' id='word_1_10' title='bbox 1389 647 1528 710; x_wconf 89' lang='lat' dir='ltr'>namque</span> <span class='ocrx_word' id='word_1_11' title='bbox 1553 627 1804 692; x_wconf 90' lang='lat' dir='ltr'>Bonincontrius</span> <span class='ocrx_word' id='word_1_12' title='bbox 1828 626 1861 690; x_wconf 84' lang='lat' dir='ltr'>G.</span> <span class='ocrx_word' id='word_1_13' title='bbox 1886 625 2096 706; x_wconf 74' lang='lat' dir='ltr'>nuntiam,</span> 
     </span>
     <span class='ocr_line' id='line_1_3' title="bbox 288 733 1551 816; baseline -0.002 -18"><span class='ocrx_word' id='word_1_14' title='bbox 288 737 340 800; x_wconf 91' lang='lat' dir='ltr'>bie</span> <span class='ocrx_word' id='word_1_15' title='bbox 363 734 395 802; x_wconf 86' lang='lat' dir='ltr'>C.</span> <span class='ocrx_word' id='word_1_16' title='bbox 420 733 573 796; x_wconf 85' lang='lat' dir='ltr'>MANLIl</span> <span class='ocrx_word' id='word_1_17' title='bbox 600 753 713 796; x_wconf 90' lang='lat' dir='ltr'>nornen</span> <span class='ocrx_word' id='word_1_18' title='bbox 740 735 770 796; x_wconf 92' lang='lat' dir='ltr'>in</span> <span class='ocrx_word' id='word_1_19' title='bbox 798 735 939 816; x_wconf 79' lang='lat' dir='ltr'>margine</span> <span class='ocrx_word' id='word_1_20' title='bbox 962 735 1102 798; x_wconf 88' lang='lat' dir='ltr'>incisum</span> <span class='ocrx_word' id='word_1_21' title='bbox 1127 753 1196 797; x_wconf 91' lang='lat' dir='ltr'>esee</span> <span class='ocrx_word' id='word_1_22' title='bbox 1220 735 1391 798; x_wconf 90' lang='lat' dir='ltr'>memoriae</span> <span class='ocrx_word' id='word_1_23' title='bbox 1415 735 1551 798; x_wconf 83' lang='lat' dir='ltr'><strong>tradidit.</strong></span> 
     </span>
    </p>

    <p class='ocr_par' dir='ltr' id='par_1_3' title="bbox 397 840 1771 924">
     <span class='ocr_line' id='line_1_4' title="bbox 397 840 1771 924; baseline 0.001 -22"><span class='ocrx_word' id='word_1_24' title='bbox 397 841 684 905; x_wconf 76' lang='lat' dir='ltr'>verumenimvero</span> <span class='ocrx_word' id='word_1_25' title='bbox 709 841 785 924; x_wconf 90' lang='lat' dir='ltr'>quid</span> <span class='ocrx_word' id='word_1_26' title='bbox 811 840 937 904; x_wconf 89' lang='lat' dir='ltr'>tandem</span> <span class='ocrx_word' id='word_1_27' title='bbox 962 861 1003 902; x_wconf 84' lang='lat' dir='ltr'>ex</span> <span class='ocrx_word' id='word_1_28' title='bbox 1027 841 1084 904; x_wconf 91' lang='lat' dir='ltr'>hae</span> <span class='ocrx_word' id='word_1_29' title='bbox 1109 847 1195 904; x_wconf 91' lang='lat' dir='ltr'>tanta</span> <span class='ocrx_word' id='word_1_30' title='bbox 1218 842 1388 904; x_wconf 89' lang='lat' dir='ltr'>nominum</span> <span class='ocrx_word' id='word_1_31' title='bbox 1412 843 1559 924; x_wconf 84' lang='lat' dir='ltr'>congerie</span> <span class='ocrx_word' id='word_1_32' title='bbox 1585 842 1771 905; x_wconf 87' lang='lat' dir='ltr'>lucramur?</span> 
     </span>
    </p>

    <p class='ocr_par' dir='ltr' id='par_1_4' title="bbox 290 947 2105 1462">
     <span class='ocr_line' id='line_1_5' title="bbox 399 947 2104 1032; baseline 0.001 -22"><span class='ocrx_word' id='word_1_33' title='bbox 399 947 482 1012; x_wconf 89' lang='lat' dir='ltr'>lllud</span> <span class='ocrx_word' id='word_1_34' title='bbox 512 947 682 1030; x_wconf 69' lang='lat' dir='ltr'>exemplar,</span> <span class='ocrx_word' id='word_1_35' title='bbox 711 965 752 1010; x_wconf 80' lang='lat' dir='ltr'>ex</span> <span class='ocrx_word' id='word_1_36' title='bbox 781 967 844 1030; x_wconf 87' lang='lat' dir='ltr'>quo</span> <span class='ocrx_word' id='word_1_37' title='bbox 869 947 984 1010; x_wconf 85' lang='lat' dir='ltr'>GCL</span> <span class='ocrx_word' id='word_1_38' title='bbox 1008 947 1080 1010; x_wconf 90' lang='lat' dir='ltr'>libri</span> <span class='ocrx_word' id='word_1_39' title='bbox 1109 947 1247 1031; x_wconf 88' lang='lat' dir='ltr'>pendere</span> <span class='ocrx_word' id='word_1_40' title='bbox 1270 949 1404 1032; x_wconf 88' lang='lat' dir='ltr'>putandi</span> <span class='ocrx_word' id='word_1_41' title='bbox 1427 955 1512 1030; x_wconf 85' lang='lat' dir='ltr'>sunt,</span> <span class='ocrx_word' id='word_1_42' title='bbox 1540 949 1630 1012; x_wconf 86' lang='lat' dir='ltr'>Arati</span> <span class='ocrx_word' id='word_1_43' title='bbox 1656 950 1784 1012; x_wconf 90' lang='lat' dir='ltr'>nomine</span> <span class='ocrx_word' id='word_1_44' title='bbox 1807 950 1997 1032; x_wconf 89' lang='lat' dir='ltr'>inscriptum</span> <span class='ocrx_word' id='word_1_45' title='bbox 2023 957 2104 1026; x_wconf 90' lang='lat' dir='ltr'>erat,</span> 
     </span>
     <span class='ocr_line' id='line_1_6' title="bbox 294 1053 2105 1141; baseline -0.001 -21"><span class='ocrx_word' id='word_1_46' title='bbox 294 1059 348 1141; x_wconf 87' lang='lat' dir='ltr'>qui</span> <span class='ocrx_word' id='word_1_47' title='bbox 373 1055 486 1120; x_wconf 91' lang='lat' dir='ltr'>titulus</span> <span class='ocrx_word' id='word_1_48' title='bbox 511 1059 590 1118; x_wconf 90' lang='lat' dir='ltr'>teste</span> <span class='ocrx_word' id='word_1_49' title='bbox 614 1053 652 1135; x_wconf 87' lang='lat' dir='ltr'>V¹</span> <span class='ocrx_word' id='word_1_50' title='bbox 683 1053 792 1118; x_wconf 89' lang='lat' dir='ltr'>codice</span> <span class='ocrx_word' id='word_1_51' title='bbox 816 1053 848 1116; x_wconf 93' lang='lat' dir='ltr'>in</span> <span class='ocrx_word' id='word_1_52' title='bbox 874 1054 1065 1137; x_wconf 88' lang='lat' dir='ltr'>quibusdam</span> <span class='ocrx_word' id='word_1_53' title='bbox 1090 1054 1178 1118; x_wconf 88' lang='lat' dir='ltr'>libris</span> <span class='ocrx_word' id='word_1_54' title='bbox 1203 1055 1365 1139; x_wconf 88' lang='lat' dir='ltr'>usquead</span> <span class='ocrx_word' id='word_1_55' title='bbox 1385 1075 1463 1120; x_wconf 87' lang='lat' dir='ltr'>saec.</span> <span class='ocrx_word' id='word_1_56' title='bbox 1503 1055 1566 1118; x_wconf 87' lang='lat' dir='ltr'>XV</span> <span class='ocrx_word' id='word_1_57' title='bbox 1587 1057 1768 1139; x_wconf 89' lang='lat' dir='ltr'>permansit.</span> <span class='ocrx_word' id='word_1_58' title='bbox 1812 1058 1927 1119; x_wconf 84' lang='lat' dir='ltr'>Oorrtra</span> <span class='ocrx_word' id='word_1_59' title='bbox 1951 1076 1988 1120; x_wconf 91' lang='lat' dir='ltr'>ea</span> <span class='ocrx_word' id='word_1_60' title='bbox 2006 1056 2105 1120; x_wconf 88' lang='lat' dir='ltr'>altera</span> 
     </span>
     <span class='ocr_line' id='line_1_7' title="bbox 290 1161 2104 1247; baseline -0.001 -19"><span class='ocrx_word' id='word_1_61' title='bbox 290 1163 519 1247; x_wconf 82' lang='lat' dir='ltr'>exemplarium</span> <span class='ocrx_word' id='word_1_62' title='bbox 542 1161 671 1240; x_wconf 80' lang='lat' dir='ltr'>scurilia,</span> <span class='ocrx_word' id='word_1_63' title='bbox 695 1179 776 1244; x_wconf 87' lang='lat' dir='ltr'>quae</span> <span class='ocrx_word' id='word_1_64' title='bbox 800 1179 839 1223; x_wconf 86' lang='lat' dir='ltr'>ex</span> <span class='ocrx_word' id='word_1_65' title='bbox 860 1161 1091 1226; x_wconf 89' lang='lat' dir='ltr'>recentioribus</span> <span class='ocrx_word' id='word_1_66' title='bbox 1111 1163 1249 1226; x_wconf 84' lang='lat' dir='ltr'>maxime</span> <span class='ocrx_word' id='word_1_67' title='bbox 1269 1162 1358 1226; x_wconf 90' lang='lat' dir='ltr'>libris</span> <span class='ocrx_word' id='word_1_68' title='bbox 1377 1169 1511 1243; x_wconf 85' lang='lat' dir='ltr'>constat,</span> <span class='ocrx_word' id='word_1_69' title='bbox 1534 1163 1573 1226; x_wconf 91' lang='lat' dir='ltr'>ad</span> <span class='ocrx_word' id='word_1_70' title='bbox 1593 1163 1712 1226; x_wconf 80' lang='lat' dir='ltr'>forrtem</span> <span class='ocrx_word' id='word_1_71' title='bbox 1733 1182 1792 1226; x_wconf 92' lang='lat' dir='ltr'>nos</span> <span class='ocrx_word' id='word_1_72' title='bbox 1811 1164 1901 1226; x_wconf 90' lang='lat' dir='ltr'>ducit</span> <span class='ocrx_word' id='word_1_73' title='bbox 1921 1162 1961 1226; x_wconf 91' lang='lat' dir='ltr'>M.</span> <span class='ocrx_word' id='word_1_74' title='bbox 1983 1161 2104 1226; x_wconf 79' lang='lat' dir='ltr'>Manilii</span> 
     </span>
     <span class='ocr_line' id='line_1_8' title="bbox 292 1268 2104 1353; baseline 0 -19"><span class='ocrx_word' id='word_1_75' title='bbox 292 1269 474 1334; x_wconf 85' lang='lat' dir='ltr'>nominibus</span> <span class='ocrx_word' id='word_1_76' title='bbox 496 1269 697 1351; x_wconf 86' lang='lat' dir='ltr'>insignitum.</span> <span class='ocrx_word' id='word_1_77' title='bbox 736 1268 787 1332; x_wconf 90' lang='lat' dir='ltr'>Ad</span> <span class='ocrx_word' id='word_1_78' title='bbox 812 1287 907 1350; x_wconf 90' lang='lat' dir='ltr'>quem</span> <span class='ocrx_word' id='word_1_79' title='bbox 929 1269 1064 1350; x_wconf 80' lang='lat' dir='ltr'>iontem,</span> <span class='ocrx_word' id='word_1_80' title='bbox 1089 1271 1237 1353; x_wconf 89' lang='lat' dir='ltr'>quamvis</span> <span class='ocrx_word' id='word_1_81' title='bbox 1255 1271 1473 1353; x_wconf 81' lang='lat' dir='ltr'>antiquiorum</span> <span class='ocrx_word' id='word_1_82' title='bbox 1492 1276 1674 1353; x_wconf 89' lang='lat' dir='ltr'>temporum</span> <span class='ocrx_word' id='word_1_83' title='bbox 1694 1268 1835 1333; x_wconf 90' lang='lat' dir='ltr'>tenebris</span> <span class='ocrx_word' id='word_1_84' title='bbox 1855 1269 1981 1334; x_wconf 91' lang='lat' dir='ltr'>abditus</span> <span class='ocrx_word' id='word_1_85' title='bbox 2002 1271 2104 1352; x_wconf 85' lang='lat' dir='ltr'>lateat,</span> 
     </span>
     <span class='ocr_line' id='line_1_9' title="bbox 291 1375 1125 1462; baseline -0.001 -21"><span class='ocrx_word' id='word_1_86' title='bbox 291 1377 397 1462; x_wconf 81' lang='lat' dir='ltr'>qrroad</span> <span class='ocrx_word' id='word_1_87' title='bbox 421 1375 490 1440; x_wconf 89' lang='lat' dir='ltr'>fieri</span> <span class='ocrx_word' id='word_1_88' title='bbox 514 1381 625 1458; x_wconf 70' lang='lat' dir='ltr'>potest,</span> <span class='ocrx_word' id='word_1_89' title='bbox 648 1375 767 1458; x_wconf 87' lang='lat' dir='ltr'>gradus</span> <span class='ocrx_word' id='word_1_90' title='bbox 790 1381 916 1438; x_wconf 91' lang='lat' dir='ltr'>nostros</span> <span class='ocrx_word' id='word_1_91' title='bbox 941 1375 1125 1458; x_wconf 89' lang='lat' dir='ltr'>dirigamus.</span> 
     </span>
    </p>

    <p class='ocr_par' dir='ltr' id='par_1_5' title="bbox 292 1481 2107 3366">
     <span class='ocr_line' id='line_1_10' title="bbox 398 1481 2101 1567; baseline 0.002 -22"><span class='ocrx_word' id='word_1_92' title='bbox 398 1481 468 1560; x_wconf 80' lang='lat' dir='ltr'>Qua</span> <span class='ocrx_word' id='word_1_93' title='bbox 502 1483 532 1544; x_wconf 93' lang='lat' dir='ltr'>in</span> <span class='ocrx_word' id='word_1_94' title='bbox 566 1501 600 1544; x_wconf 90' lang='lat' dir='ltr'>re</span> <span class='ocrx_word' id='word_1_95' title='bbox 634 1487 872 1566; x_wconf 84' lang='lat' dir='ltr'>peropportune</span> <span class='ocrx_word' id='word_1_96' title='bbox 904 1484 1028 1564; x_wconf 86' lang='lat' dir='ltr'>evenit,</span> <span class='ocrx_word' id='word_1_97' title='bbox 1059 1484 1144 1567; x_wconf 89' lang='lat' dir='ltr'>quod</span> <span class='ocrx_word' id='word_1_98' title='bbox 1176 1503 1239 1547; x_wconf 93' lang='lat' dir='ltr'>nou</span> <span class='ocrx_word' id='word_1_99' title='bbox 1269 1503 1402 1566; x_wconf 89' lang='lat' dir='ltr'>prorsus</span> <span class='ocrx_word' id='word_1_100' title='bbox 1433 1485 1624 1567; x_wconf 90' lang='lat' dir='ltr'>scriptorum</span> <span class='ocrx_word' id='word_1_101' title='bbox 1655 1485 1846 1548; x_wconf 87' lang='lat' dir='ltr'>testimoniis</span> <span class='ocrx_word' id='word_1_102' title='bbox 1877 1485 2101 1564; x_wconf 84' lang='lat' dir='ltr'>(recentiorum</span> 
     </span>
     <span class='ocr_line' id='line_1_11' title="bbox 292 1589 2105 1674; baseline 0.001 -22"><span class='ocrx_word' id='word_1_103' title='bbox 292 1589 434 1670; x_wconf 90' lang='lat' dir='ltr'>quidem,</span> <span class='ocrx_word' id='word_1_104' title='bbox 470 1590 524 1654; x_wconf 91' lang='lat' dir='ltr'>sed</span> <span class='ocrx_word' id='word_1_105' title='bbox 562 1590 734 1654; x_wconf 85' lang='lat' dir='ltr'>admodum</span> <span class='ocrx_word' id='word_1_106' title='bbox 771 1595 942 1670; x_wconf 76' lang='lat' dir='ltr'>certorum)</span> <span class='ocrx_word' id='word_1_107' title='bbox 979 1590 1123 1654; x_wconf 90' lang='lat' dir='ltr'>destituti</span> <span class='ocrx_word' id='word_1_108' title='bbox 1161 1609 1285 1670; x_wconf 85' lang='lat' dir='ltr'>eumue,</span> <span class='ocrx_word' id='word_1_109' title='bbox 1322 1609 1459 1673; x_wconf 88' lang='lat' dir='ltr'>quorum</span> <span class='ocrx_word' id='word_1_110' title='bbox 1497 1611 1566 1674; x_wconf 80' lang='lat' dir='ltr'>ope,</span> <span class='ocrx_word' id='word_1_111' title='bbox 1605 1611 1668 1674; x_wconf 90' lang='lat' dir='ltr'>qua</span> <span class='ocrx_word' id='word_1_112' title='bbox 1698 1592 1740 1656; x_wconf 92' lang='lat' dir='ltr'>sit</span> <span class='ocrx_word' id='word_1_113' title='bbox 1768 1591 2020 1673; x_wconf 81' lang='lat' dir='ltr'>ingrediundum</span> <span class='ocrx_word' id='word_1_114' title='bbox 2043 1593 2105 1672; x_wconf 81' lang='lat' dir='ltr'>via,</span> 
     </span>
     <span class='ocr_line' id='line_1_12' title="bbox 293 1695 2105 1781; baseline 0.002 -24"><span class='ocrx_word' id='word_1_115' title='bbox 293 1715 531 1779; x_wconf 88' lang='lat' dir='ltr'>cognoscamus.</span> <span class='ocrx_word' id='word_1_116' title='bbox 574 1696 741 1780; x_wconf 85' lang='lat' dir='ltr'>Poggius</span> <span class='ocrx_word' id='word_1_117' title='bbox 765 1697 852 1760; x_wconf 88' lang='lat' dir='ltr'>euim</span> <span class='ocrx_word' id='word_1_118' title='bbox 872 1695 1086 1776; x_wconf 82' lang='lat' dir='ltr'>Florentinus,</span> <span class='ocrx_word' id='word_1_119' title='bbox 1110 1717 1205 1780; x_wconf 91' lang='lat' dir='ltr'>quem</span> <span class='ocrx_word' id='word_1_120' title='bbox 1232 1697 1425 1781; x_wconf 84' lang='lat' dir='ltr'>temporibus</span> <span class='ocrx_word' id='word_1_121' title='bbox 1450 1699 1578 1760; x_wconf 87' lang='lat' dir='ltr'>concilii</span> <span class='ocrx_word' id='word_1_122' title='bbox 1599 1697 1850 1762; x_wconf 88' lang='lat' dir='ltr'>Constantieusis</span> <span class='ocrx_word' id='word_1_123' title='bbox 1874 1719 1930 1781; x_wconf 90' lang='lat' dir='ltr'>per</span> <span class='ocrx_word' id='word_1_124' title='bbox 1953 1699 2105 1762; x_wconf 81' lang='lat' dir='ltr'>coerrobia</span> 
     </span>
     <span class='ocr_line' id='line_1_13' title="bbox 292 1803 2106 1888; baseline 0.001 -21"><span class='ocrx_word' id='word_1_125' title='bbox 292 1810 323 1867; x_wconf 94' lang='lat' dir='ltr'>et</span> <span class='ocrx_word' id='word_1_126' title='bbox 355 1803 560 1868; x_wconf 84' lang='lat' dir='ltr'>bibliothecas</span> <span class='ocrx_word' id='word_1_127' title='bbox 591 1803 679 1867; x_wconf 92' lang='lat' dir='ltr'>illius</span> <span class='ocrx_word' id='word_1_128' title='bbox 713 1805 852 1886; x_wconf 88' lang='lat' dir='ltr'>regionis</span> <span class='ocrx_word' id='word_1_129' title='bbox 890 1803 969 1866; x_wconf 89' lang='lat' dir='ltr'>mira</span> <span class='ocrx_word' id='word_1_130' title='bbox 997 1824 1072 1867; x_wconf 91' lang='lat' dir='ltr'>oum</span> <span class='ocrx_word' id='word_1_131' title='bbox 1096 1805 1244 1868; x_wconf 87' lang='lat' dir='ltr'>felicitate</span> <span class='ocrx_word' id='word_1_132' title='bbox 1269 1811 1412 1868; x_wconf 90' lang='lat' dir='ltr'>vetustos</span> <span class='ocrx_word' id='word_1_133' title='bbox 1436 1805 1561 1868; x_wconf 86' lang='lat' dir='ltr'>codices</span> <span class='ocrx_word' id='word_1_134' title='bbox 1593 1805 1768 1888; x_wconf 91' lang='lat' dir='ltr'>permultos</span> <span class='ocrx_word' id='word_1_135' title='bbox 1791 1807 2000 1888; x_wconf 86' lang='lat' dir='ltr'>investigasse</span> <span class='ocrx_word' id='word_1_136' title='bbox 2024 1807 2106 1868; x_wconf 89' lang='lat' dir='ltr'>inter</span> 
     </span>
     <span class='ocr_line' id='line_1_14' title="bbox 293 1910 2104 1995; baseline 0.002 -23"><span class='ocrx_word' id='word_1_137' title='bbox 293 1929 404 1975; x_wconf 90' lang='lat' dir='ltr'>omnes</span> <span class='ocrx_word' id='word_1_138' title='bbox 442 1917 579 1992; x_wconf 75' lang='lat' dir='ltr'>consuit,</span> <span class='ocrx_word' id='word_1_139' title='bbox 615 1911 863 1974; x_wconf 90' lang='lat' dir='ltr'>astronomicum</span> <span class='ocrx_word' id='word_1_140' title='bbox 902 1930 1033 1993; x_wconf 90' lang='lat' dir='ltr'>quoque</span> <span class='ocrx_word' id='word_1_141' title='bbox 1070 1929 1197 1975; x_wconf 86' lang='lat' dir='ltr'>carmen</span> <span class='ocrx_word' id='word_1_142' title='bbox 1235 1913 1317 1974; x_wconf 89' lang='lat' dir='ltr'>vatis</span> <span class='ocrx_word' id='word_1_143' title='bbox 1350 1910 1486 1976; x_wconf 84' lang='lat' dir='ltr'>Romani</span> <span class='ocrx_word' id='word_1_144' title='bbox 1523 1911 1620 1995; x_wconf 90' lang='lat' dir='ltr'>idque</span> <span class='ocrx_word' id='word_1_145' title='bbox 1659 1911 1699 1974; x_wconf 92' lang='lat' dir='ltr'>M.</span> <span class='ocrx_word' id='word_1_146' title='bbox 1731 1911 1881 1974; x_wconf 87' lang='lat' dir='ltr'>Manilii</span> <span class='ocrx_word' id='word_1_147' title='bbox 1920 1911 2104 1976; x_wconf 87' lang='lat' dir='ltr'>nonriuibus</span> 
     </span>
     <span class='ocr_line' id='line_1_15' title="bbox 293 2016 2105 2102; baseline 0.001 -22"><span class='ocrx_word' id='word_1_148' title='bbox 293 2019 480 2102; x_wconf 86' lang='lat' dir='ltr'>inscriptum</span> <span class='ocrx_word' id='word_1_149' title='bbox 505 2019 601 2082; x_wconf 91' lang='lat' dir='ltr'>tineis</span> <span class='ocrx_word' id='word_1_150' title='bbox 624 2018 815 2101; x_wconf 79' lang='lat' dir='ltr'>pulverique</span> <span class='ocrx_word' id='word_1_151' title='bbox 839 2019 963 2102; x_wconf 91' lang='lat' dir='ltr'>eripuit.</span> <span class='ocrx_word' id='word_1_152' title='bbox 1012 2016 1073 2093; x_wconf 82' lang='lat' dir='ltr'>Qui</span> <span class='ocrx_word' id='word_1_153' title='bbox 1099 2037 1181 2101; x_wconf 90' lang='lat' dir='ltr'>quae</span> <span class='ocrx_word' id='word_1_154' title='bbox 1207 2017 1249 2080; x_wconf 93' lang='lat' dir='ltr'>ibi</span> <span class='ocrx_word' id='word_1_155' title='bbox 1274 2038 1337 2082; x_wconf 90' lang='lat' dir='ltr'>una</span> <span class='ocrx_word' id='word_1_156' title='bbox 1361 2037 1436 2082; x_wconf 87' lang='lat' dir='ltr'>cum</span> <span class='ocrx_word' id='word_1_157' title='bbox 1459 2017 1702 2084; x_wconf 83' lang='lat' dir='ltr'>Burtlrolonraeo</span> <span class='ocrx_word' id='word_1_158' title='bbox 1727 2019 1765 2082; x_wconf 91' lang='lat' dir='ltr'>de</span> <span class='ocrx_word' id='word_1_159' title='bbox 1785 2017 1892 2082; x_wconf 92' lang='lat' dir='ltr'>Monte</span> <span class='ocrx_word' id='word_1_160' title='bbox 1913 2018 2068 2082; x_wconf 87' lang='lat' dir='ltr'>l&#39;olitiano</span> <span class='ocrx_word' id='word_1_161' title='bbox 2083 2023 2105 2100; x_wconf 77' lang='lat'>¹)</span> 
     </span>
     <span class='ocr_line' id='line_1_16' title="bbox 293 2123 2103 2209; baseline 0.001 -23"><span class='ocrx_word' id='word_1_162' title='bbox 293 2129 389 2206; x_wconf 87' lang='lat' dir='ltr'>alque</span> <span class='ocrx_word' id='word_1_163' title='bbox 425 2125 534 2188; x_wconf 89' lang='lat' dir='ltr'>Cincio</span> <span class='ocrx_word' id='word_1_164' title='bbox 567 2123 711 2188; x_wconf 88' lang='lat' dir='ltr'>Romano</span> <span class='ocrx_word' id='word_1_165' title='bbox 745 2131 952 2188; x_wconf 90' lang='lat' dir='ltr'>monumenta</span> <span class='ocrx_word' id='word_1_166' title='bbox 989 2126 1156 2189; x_wconf 87' lang='lat' dir='ltr'>vetustatis</span> <span class='ocrx_word' id='word_1_167' title='bbox 1190 2125 1359 2204; x_wconf 66' lang='lat' dir='ltr'>detexerit,</span> <span class='ocrx_word' id='word_1_168' title='bbox 1396 2126 1604 2209; x_wconf 89' lang='lat' dir='ltr'>popularibus</span> <span class='ocrx_word' id='word_1_169' title='bbox 1638 2129 1706 2190; x_wconf 92' lang='lat' dir='ltr'>suis</span> <span class='ocrx_word' id='word_1_170' title='bbox 1742 2124 1866 2189; x_wconf 91' lang='lat' dir='ltr'>duabus</span> <span class='ocrx_word' id='word_1_171' title='bbox 1899 2127 2103 2209; x_wconf 88' lang='lat' dir='ltr'>potissimum</span> 
     </span>
     <span class='ocr_line' id='line_1_17' title="bbox 294 2230 2103 2314; baseline 0.001 -20"><span class='ocrx_word' id='word_1_172' title='bbox 294 2231 441 2313; x_wconf 87' lang='lat' dir='ltr'>epistulis</span> <span class='ocrx_word' id='word_1_173' title='bbox 465 2232 631 2295; x_wconf 91' lang='lat' dir='ltr'>nuntiavit.</span> <span class='ocrx_word' id='word_1_174' title='bbox 679 2230 821 2307; x_wconf 75' lang='lat' dir='ltr'>Quacum</span> <span class='ocrx_word' id='word_1_175' title='bbox 842 2234 875 2294; x_wconf 92' lang='lat' dir='ltr'>in</span> <span class='ocrx_word' id='word_1_176' title='bbox 895 2232 993 2296; x_wconf 87' lang='lat' dir='ltr'>altera</span> <span class='ocrx_word' id='word_1_177' title='bbox 1011 2232 1050 2295; x_wconf 91' lang='lat' dir='ltr'>ad</span> <span class='ocrx_word' id='word_1_178' title='bbox 1071 2231 1250 2295; x_wconf 87' lang='lat' dir='ltr'>Grrarinum</span> <span class='ocrx_word' id='word_1_179' title='bbox 1270 2231 1490 2298; x_wconf 86' lang='lat' dir='ltr'>Veroneneem</span> <span class='ocrx_word' id='word_1_180' title='bbox 1515 2233 1615 2314; x_wconf 71' lang='lat' dir='ltr'>data²t</span> <span class='ocrx_word' id='word_1_181' title='bbox 1635 2232 1804 2297; x_wconf 84' lang='lat' dir='ltr'>Manilium</span> <span class='ocrx_word' id='word_1_182' title='bbox 1828 2233 2013 2296; x_wconf 89' lang='lat' dir='ltr'>nominatim</span> <span class='ocrx_word' id='word_1_183' title='bbox 2040 2253 2103 2296; x_wconf 92' lang='lat' dir='ltr'>non</span> 
     </span>
     <span class='ocr_line' id='line_1_18' title="bbox 294 2337 2103 2422; baseline 0.003 -23"><span class='ocrx_word' id='word_1_184' title='bbox 294 2337 389 2418; x_wconf 65' lang='lat' dir='ltr'>affert,</span> <span class='ocrx_word' id='word_1_185' title='bbox 418 2339 485 2402; x_wconf 91' lang='lat' dir='ltr'>sive</span> <span class='ocrx_word' id='word_1_186' title='bbox 514 2337 657 2402; x_wconf 91' lang='lat' dir='ltr'>nondum</span> <span class='ocrx_word' id='word_1_187' title='bbox 687 2341 853 2403; x_wconf 84' lang='lat' dir='ltr'>invenerat</span> <span class='ocrx_word' id='word_1_188' title='bbox 881 2341 949 2402; x_wconf 91' lang='lat' dir='ltr'>eive</span> <span class='ocrx_word' id='word_1_189' title='bbox 974 2359 1037 2402; x_wconf 94' lang='lat' dir='ltr'>non</span> <span class='ocrx_word' id='word_1_190' title='bbox 1062 2341 1140 2402; x_wconf 89' lang='lat' dir='ltr'>tanti</span> <span class='ocrx_word' id='word_1_191' title='bbox 1165 2340 1276 2422; x_wconf 89' lang='lat' dir='ltr'>quanti</span> <span class='ocrx_word' id='word_1_192' title='bbox 1301 2337 1546 2422; x_wconf 85' lang='lat' dir='ltr'>Quintilianum,</span> <span class='ocrx_word' id='word_1_193' title='bbox 1570 2341 1746 2404; x_wconf 84' lang='lat' dir='ltr'>Aesonium</span> <span class='ocrx_word' id='word_1_194' title='bbox 1771 2341 1850 2404; x_wconf 75' lang='lat' dir='ltr'>adies</span> <span class='ocrx_word' id='word_1_195' title='bbox 1875 2341 2103 2404; x_wconf 84' lang='lat' dir='ltr'>aestimaverat.</span> 
     </span>
     <span class='ocr_line' id='line_1_19' title="bbox 293 2443 2102 2529; baseline 0.002 -24"><span class='ocrx_word' id='word_1_196' title='bbox 293 2444 403 2508; x_wconf 87' lang='lat' dir='ltr'>Altera</span> <span class='ocrx_word' id='word_1_197' title='bbox 427 2452 532 2509; x_wconf 90' lang='lat' dir='ltr'>autem</span> <span class='ocrx_word' id='word_1_198' title='bbox 557 2446 693 2528; x_wconf 87' lang='lat' dir='ltr'>epistula</span> <span class='ocrx_word' id='word_1_199' title='bbox 712 2443 880 2509; x_wconf 87' lang='lat' dir='ltr'>Francisco</span> <span class='ocrx_word' id='word_1_200' title='bbox 900 2445 1040 2510; x_wconf 86' lang='lat' dir='ltr'>Barbare</span> <span class='ocrx_word' id='word_1_201' title='bbox 1065 2447 1160 2510; x_wconf 90' lang='lat' dir='ltr'>missa</span> <span class='ocrx_word' id='word_1_202' title='bbox 1184 2453 1319 2510; x_wconf 88' lang='lat' dir='ltr'>aetatem</span> <span class='ocrx_word' id='word_1_203' title='bbox 1344 2465 1408 2510; x_wconf 93' lang='lat' dir='ltr'>non</span> <span class='ocrx_word' id='word_1_204' title='bbox 1429 2446 1510 2510; x_wconf 92' lang='lat' dir='ltr'>tulit.</span> <span class='ocrx_word' id='word_1_205' title='bbox 1548 2447 1610 2510; x_wconf 81' lang='lat' dir='ltr'>Sed</span> <span class='ocrx_word' id='word_1_206' title='bbox 1638 2453 1743 2512; x_wconf 87' lang='lat' dir='ltr'>tamen</span> <span class='ocrx_word' id='word_1_207' title='bbox 1763 2447 1894 2510; x_wconf 86' lang='lat' dir='ltr'>Barbari</span> <span class='ocrx_word' id='word_1_208' title='bbox 1913 2465 2102 2529; x_wconf 87' lang='lat' dir='ltr'>responsum</span> 
     </span>
     <span class='ocr_line' id='line_1_20' title="bbox 296 2551 2106 2637; baseline 0.002 -25"><span class='ocrx_word' id='word_1_209' title='bbox 296 2557 420 2633; x_wconf 87' lang='lat' dir='ltr'>pmesto</span> <span class='ocrx_word' id='word_1_210' title='bbox 446 2559 502 2628; x_wconf 87' lang='lat' dir='ltr'>est,</span> <span class='ocrx_word' id='word_1_211' title='bbox 527 2551 612 2635; x_wconf 91' lang='lat' dir='ltr'>quod</span> <span class='ocrx_word' id='word_1_212' title='bbox 635 2551 674 2616; x_wconf 92' lang='lat' dir='ltr'>ad</span> <span class='ocrx_word' id='word_1_213' title='bbox 698 2553 855 2636; x_wconf 88' lang='lat' dir='ltr'>Poggium</span> <span class='ocrx_word' id='word_1_214' title='bbox 880 2555 967 2617; x_wconf 91' lang='lat' dir='ltr'>misit</span> <span class='ocrx_word' id='word_1_215' title='bbox 990 2573 1039 2634; x_wconf 73' lang='lat' dir='ltr'>,ex</span> <span class='ocrx_word' id='word_1_216' title='bbox 1058 2553 1203 2618; x_wconf 88' lang='lat' dir='ltr'>Venetiie</span> <span class='ocrx_word' id='word_1_217' title='bbox 1227 2554 1353 2636; x_wconf 90' lang='lat' dir='ltr'>quidem</span> <span class='ocrx_word' id='word_1_218' title='bbox 1379 2554 1478 2637; x_wconf 91' lang='lat' dir='ltr'>pridie</span> <span class='ocrx_word' id='word_1_219' title='bbox 1497 2553 1578 2617; x_wconf 89' lang='lat' dir='ltr'>Nou.</span> <span class='ocrx_word' id='word_1_220' title='bbox 1597 2553 1617 2616; x_wconf 86' lang='lat' dir='ltr'>J</span> <span class='ocrx_word' id='word_1_221' title='bbox 1621 2555 1661 2617; x_wconf 90' lang='lat' dir='ltr'>ul.</span> <span class='ocrx_word' id='word_1_222' title='bbox 1687 2575 1713 2618; x_wconf 87' lang='lat' dir='ltr'>a.</span> <span class='ocrx_word' id='word_1_223' title='bbox 1736 2555 1838 2619; x_wconf 77' lang='lat' dir='ltr'>ttlt‘.</span> <span class='ocrx_word' id='word_1_224' title='bbox 1874 2553 1911 2616; x_wconf 90' lang='lat' dir='ltr'>lu</span> <span class='ocrx_word' id='word_1_225' title='bbox 1930 2553 1988 2617; x_wconf 89' lang='lat' dir='ltr'>hac</span> <span class='ocrx_word' id='word_1_226' title='bbox 2008 2554 2106 2636; x_wconf 89' lang='lat' dir='ltr'>igitur</span> 
     </span>
     <span class='ocr_line' id='line_1_21' title="bbox 295 2658 2105 2744; baseline 0.002 -24"><span class='ocrx_word' id='word_1_227' title='bbox 295 2659 433 2739; x_wconf 93' lang='lat' dir='ltr'>epistula</span> <span class='ocrx_word' id='word_1_228' title='bbox 456 2659 533 2722; x_wconf 87' lang='lat' dir='ltr'>haec</span> <span class='ocrx_word' id='word_1_229' title='bbox 555 2658 721 2742; x_wconf 87' lang='lat' dir='ltr'>leguntur:</span> <span class='ocrx_word' id='word_1_230' title='bbox 746 2659 809 2740; x_wconf 81' lang='lat' dir='ltr'>„Tu</span> <span class='ocrx_word' id='word_1_231' title='bbox 830 2659 1024 2743; x_wconf 89' lang='lat' dir='ltr'>reipublicae</span> <span class='ocrx_word' id='word_1_232' title='bbox 1048 2679 1145 2724; x_wconf 90' lang='lat' dir='ltr'>causa</span> <span class='ocrx_word' id='word_1_233' title='bbox 1169 2661 1244 2744; x_wconf 90' lang='lat' dir='ltr'>quid</span> <span class='ocrx_word' id='word_1_234' title='bbox 1269 2661 1411 2724; x_wconf 84' lang='lat' dir='ltr'>facturus</span> <span class='ocrx_word' id='word_1_235' title='bbox 1436 2679 1540 2731; x_wconf 79' lang='lat' dir='ltr'>esses,</span> <span class='ocrx_word' id='word_1_236' title='bbox 1567 2661 1658 2724; x_wconf 86' lang='lat' dir='ltr'>facile</span> <span class='ocrx_word' id='word_1_237' title='bbox 1683 2661 1863 2740; x_wconf 65' lang='lat' dir='ltr'>declarasti,</span> <span class='ocrx_word' id='word_1_238' title='bbox 1886 2679 1959 2724; x_wconf 90' lang='lat' dir='ltr'>eum</span> <span class='ocrx_word' id='word_1_239' title='bbox 1986 2667 2016 2724; x_wconf 91' lang='lat' dir='ltr'>te</span> <span class='ocrx_word' id='word_1_240' title='bbox 2041 2681 2105 2724; x_wconf 93' lang='lat' dir='ltr'>non</span> 
     </span>
     <span class='ocr_line' id='line_1_22' title="bbox 296 2765 2105 2851; baseline 0.004 -27"><span class='ocrx_word' id='word_1_241' title='bbox 296 2765 345 2826; x_wconf 91' lang='lat' dir='ltr'>vis</span> <span class='ocrx_word' id='word_1_242' title='bbox 369 2765 494 2846; x_wconf 82' lang='lat' dir='ltr'>hiemis,</span> <span class='ocrx_word' id='word_1_243' title='bbox 518 2785 581 2828; x_wconf 93' lang='lat' dir='ltr'>non</span> <span class='ocrx_word' id='word_1_244' title='bbox 606 2767 709 2844; x_wconf 78' lang='lat' dir='ltr'>nives,</span> <span class='ocrx_word' id='word_1_245' title='bbox 731 2785 796 2828; x_wconf 93' lang='lat' dir='ltr'>non</span> <span class='ocrx_word' id='word_1_246' title='bbox 820 2767 986 2849; x_wconf 88' lang='lat' dir='ltr'>longitudo</span> <span class='ocrx_word' id='word_1_247' title='bbox 1011 2768 1146 2848; x_wconf 83' lang='lat' dir='ltr'>itineris,</span> <span class='ocrx_word' id='word_1_248' title='bbox 1169 2787 1234 2830; x_wconf 91' lang='lat' dir='ltr'>nou</span> <span class='ocrx_word' id='word_1_249' title='bbox 1259 2769 1410 2851; x_wconf 87' lang='lat' dir='ltr'>asperitas</span> <span class='ocrx_word' id='word_1_250' title='bbox 1435 2769 1571 2848; x_wconf 78' lang='lat' dir='ltr'>viarum,</span> <span class='ocrx_word' id='word_1_251' title='bbox 1595 2775 1630 2831; x_wconf 94' lang='lat' dir='ltr'>ut</span> <span class='ocrx_word' id='word_1_252' title='bbox 1654 2775 1865 2832; x_wconf 89' lang='lat' dir='ltr'>monumenta</span> <span class='ocrx_word' id='word_1_253' title='bbox 1889 2767 2064 2832; x_wconf 91' lang='lat' dir='ltr'>litterarum</span> <span class='ocrx_word' id='word_1_254' title='bbox 2089 2787 2105 2831; x_wconf 94' lang='lat' dir='ltr'>e</span> 
     </span>
     <span class='ocr_line' id='line_1_23' title="bbox 295 2871 2105 2956; baseline 0.002 -23"><span class='ocrx_word' id='word_1_255' title='bbox 295 2871 434 2934; x_wconf 90' lang='lat' dir='ltr'>tenebris</span> <span class='ocrx_word' id='word_1_256' title='bbox 464 2872 497 2934; x_wconf 94' lang='lat' dir='ltr'>in</span> <span class='ocrx_word' id='word_1_257' title='bbox 531 2873 638 2937; x_wconf 88' lang='lat' dir='ltr'>lucem</span> <span class='ocrx_word' id='word_1_258' title='bbox 672 2892 808 2952; x_wconf 89' lang='lat' dir='ltr'>erueres,</span> <span class='ocrx_word' id='word_1_259' title='bbox 840 2873 1018 2936; x_wconf 88' lang='lat' dir='ltr'>retardavit.</span> <span class='ocrx_word' id='word_1_260' title='bbox 1064 2873 1111 2937; x_wconf 86' lang='lat' dir='ltr'>Tu</span> <span class='ocrx_word' id='word_1_261' title='bbox 1134 2872 1376 2954; x_wconf 76' lang='lat' dir='ltr'>Tertullianum,</span> <span class='ocrx_word' id='word_1_262' title='bbox 1407 2874 1454 2939; x_wconf 85' lang='lat' dir='ltr'>Tu</span> <span class='ocrx_word' id='word_1_263' title='bbox 1480 2875 1519 2938; x_wconf 89' lang='grc' dir='ltr'>Μ.</span> <span class='ocrx_word' id='word_1_264' title='bbox 1549 2875 1682 2940; x_wconf 84' lang='lat' dir='ltr'>Fabium</span> <span class='ocrx_word' id='word_1_265' title='bbox 1712 2875 1958 2956; x_wconf 75' lang='lat' dir='ltr'>Quintilianum,</span> <span class='ocrx_word' id='word_1_266' title='bbox 1990 2873 2037 2937; x_wconf 86' lang='lat' dir='ltr'>Tu</span> <span class='ocrx_word' id='word_1_267' title='bbox 2070 2873 2105 2950; x_wconf 82' lang='lat' dir='ltr'>Q.</span> 
     </span>
     <span class='ocr_line' id='line_1_24' title="bbox 295 2978 2107 3060; baseline 0.002 -21"><span class='ocrx_word' id='word_1_268' title='bbox 295 2979 474 3042; x_wconf 82' lang='lat' dir='ltr'>Aesonium</span> <span class='ocrx_word' id='word_1_269' title='bbox 501 2978 687 3060; x_wconf 85' lang='lat' dir='ltr'>Pedianum,</span> <span class='ocrx_word' id='word_1_270' title='bbox 718 2979 765 3042; x_wconf 86' lang='lat' dir='ltr'>&#39;Pu</span> <span class='ocrx_word' id='word_1_271' title='bbox 789 2979 987 3060; x_wconf 77' lang='lat' dir='ltr'>inuretium,</span> <span class='ocrx_word' id='word_1_272' title='bbox 1016 2981 1132 3044; x_wconf 79' lang='lat' dir='ltr'>Silium</span> <span class='ocrx_word' id='word_1_273' title='bbox 1157 2981 1314 3048; x_wconf 84' lang='lat' dir='ltr'>Italicum.</span> <span class='ocrx_word' id='word_1_274' title='bbox 1345 2981 1576 3059; x_wconf 80' lang='lat' dir='ltr'>Marcellinum,</span> <span class='ocrx_word' id='word_1_275' title='bbox 1599 2981 1645 3045; x_wconf 84' lang='lat' dir='ltr'>Tu</span> <span class='ocrx_word' id='word_1_276' title='bbox 1672 2981 1839 3046; x_wconf 83' lang='lat' dir='ltr'>Manilium</span> <span class='ocrx_word' id='word_1_277' title='bbox 1866 2984 2107 3053; x_wconf 80' lang='lat' dir='ltr'>Astronomum,</span> 
     </span>
     <span class='ocr_line' id='line_1_25' title="bbox 296 3083 2106 3172; baseline 0.001 -24"><span class='ocrx_word' id='word_1_278' title='bbox 296 3083 328 3148; x_wconf 83' lang='lat' dir='ltr'>L</span> <span class='ocrx_word' id='word_1_279' title='bbox 352 3085 538 3167; x_wconf 88' lang='lat' dir='ltr'>Septimium</span> <span class='ocrx_word' id='word_1_280' title='bbox 564 3086 728 3150; x_wconf 85' lang='lat' dir='ltr'>Valerium</span> <span class='ocrx_word' id='word_1_281' title='bbox 754 3085 918 3169; x_wconf 82' lang='lat' dir='ltr'>Flaccum,</span> <span class='ocrx_word' id='word_1_282' title='bbox 940 3087 987 3152; x_wconf 89' lang='lat' dir='ltr'>Tu</span> <span class='ocrx_word' id='word_1_283' title='bbox 1012 3087 1165 3172; x_wconf 72' lang='lat' dir='ltr'>Capram,</span> <span class='ocrx_word' id='word_1_284' title='bbox 1188 3088 1400 3169; x_wconf 83' lang='lat' dir='ltr'>Eutyclrium.</span> <span class='ocrx_word' id='word_1_285' title='bbox 1431 3089 1567 3152; x_wconf 86' lang='lat' dir='ltr'>Probum</span> <span class='ocrx_word' id='word_1_286' title='bbox 1594 3091 1830 3168; x_wconf 78' lang='lat' dir='ltr'>grammaticos,</span> <span class='ocrx_word' id='word_1_287' title='bbox 1852 3088 1899 3152; x_wconf 82' lang='lat' dir='ltr'>Tu</span> <span class='ocrx_word' id='word_1_288' title='bbox 1924 3087 2106 3171; x_wconf 83' lang='lat' dir='ltr'>complures</span> 
     </span>
     <span class='ocr_line' id='line_1_26' title="bbox 295 3191 2106 3280; baseline 0.002 -26"><span class='ocrx_word' id='word_1_289' title='bbox 295 3191 374 3254; x_wconf 90' lang='lat' dir='ltr'>alios</span> <span class='ocrx_word' id='word_1_290' title='bbox 397 3192 635 3259; x_wconf 89' lang='lat' dir='ltr'>Bartholomaeo</span> <span class='ocrx_word' id='word_1_291' title='bbox 660 3195 782 3278; x_wconf 87' lang='lat' dir='ltr'>collega</span> <span class='ocrx_word' id='word_1_292' title='bbox 805 3200 860 3258; x_wconf 94' lang='lat' dir='ltr'>tuo</span> <span class='ocrx_word' id='word_1_293' title='bbox 883 3195 1027 3260; x_wconf 89' lang='lat' dir='ltr'>adiutore</span> <span class='ocrx_word' id='word_1_294' title='bbox 1051 3195 1103 3259; x_wconf 90' lang='lat' dir='ltr'>vel</span> <span class='ocrx_word' id='word_1_295' title='bbox 1126 3195 1188 3259; x_wconf 87' lang='lat' dir='ltr'>fato</span> <span class='ocrx_word' id='word_1_296' title='bbox 1211 3197 1338 3259; x_wconf 79' lang='lat' dir='ltr'>structos</span> <span class='ocrx_word' id='word_1_297' title='bbox 1363 3197 1426 3260; x_wconf 81' lang='lat' dir='ltr'>vita</span> <span class='ocrx_word' id='word_1_298' title='bbox 1451 3196 1601 3276; x_wconf 81' lang='lat' dir='ltr'>donastis,</span> <span class='ocrx_word' id='word_1_299' title='bbox 1625 3195 1677 3260; x_wconf 89' lang='lat' dir='ltr'>vel</span> <span class='ocrx_word' id='word_1_300' title='bbox 1701 3197 1808 3280; x_wconf 85' lang='lat' dir='ltr'>longo,</span> <span class='ocrx_word' id='word_1_301' title='bbox 1833 3203 1869 3260; x_wconf 90' lang='lat' dir='ltr'>ut</span> <span class='ocrx_word' id='word_1_302' title='bbox 1892 3197 1992 3277; x_wconf 79' lang='lat' dir='ltr'>aiunt,</span> <span class='ocrx_word' id='word_1_303' title='bbox 2021 3201 2106 3279; x_wconf 92' lang='lat' dir='ltr'>post-</span> 
     </span>
     <span class='ocr_line' id='line_1_27' title="bbox 296 3297 850 3366; baseline 0.009 -7"><span class='ocrx_word' id='word_1_304' title='bbox 296 3297 419 3362; x_wconf 92' lang='lat' dir='ltr'>liminio</span> <span class='ocrx_word' id='word_1_305' title='bbox 443 3300 476 3362; x_wconf 93' lang='lat' dir='ltr'>iu</span> <span class='ocrx_word' id='word_1_306' title='bbox 502 3300 626 3366; x_wconf 87' lang='lat' dir='ltr'>Latium</span> <span class='ocrx_word' id='word_1_307' title='bbox 652 3303 850 3366; x_wconf 81' lang='lat' dir='ltr'>revocastis.“</span> 
     </span>
    </p>

    <p class='ocr_par' dir='ltr' id='par_1_6' title="bbox 296 3408 2107 3602">
     <span class='ocr_line' id='line_1_28' title="bbox 401 3408 2106 3494; baseline 0.004 -26"><span class='ocrx_word' id='word_1_308' title='bbox 401 3408 550 3470; x_wconf 84' lang='lat' dir='ltr'>Attamen</span> <span class='ocrx_word' id='word_1_309' title='bbox 575 3411 601 3472; x_wconf 93' lang='lat' dir='ltr'>si</span> <span class='ocrx_word' id='word_1_310' title='bbox 626 3410 678 3472; x_wconf 91' lang='lat' dir='ltr'>oui</span> <span class='ocrx_word' id='word_1_311' title='bbox 702 3408 837 3473; x_wconf 88' lang='lat' dir='ltr'>dubium</span> <span class='ocrx_word' id='word_1_312' title='bbox 864 3427 932 3472; x_wconf 91' lang='lat' dir='ltr'>esse</span> <span class='ocrx_word' id='word_1_313' title='bbox 958 3409 1117 3490; x_wconf 86' lang='lat' dir='ltr'>videatur,</span> <span class='ocrx_word' id='word_1_314' title='bbox 1145 3413 1228 3474; x_wconf 89' lang='lat' dir='ltr'>sitne</span> <span class='ocrx_word' id='word_1_315' title='bbox 1252 3409 1404 3474; x_wconf 89' lang='lat' dir='ltr'>Manilius</span> <span class='ocrx_word' id='word_1_316' title='bbox 1432 3413 1645 3474; x_wconf 88' lang='lat' dir='ltr'>Astronomus</span> <span class='ocrx_word' id='word_1_317' title='bbox 1674 3410 1758 3474; x_wconf 88' lang='lat' dir='ltr'>idenr</span> <span class='ocrx_word' id='word_1_318' title='bbox 1782 3419 1879 3494; x_wconf 88' lang='lat' dir='ltr'>atquo</span> <span class='ocrx_word' id='word_1_319' title='bbox 1904 3411 1945 3483; x_wconf 82' lang='lat' dir='ltr'>is,</span> <span class='ocrx_word' id='word_1_320' title='bbox 1975 3411 2013 3474; x_wconf 91' lang='lat' dir='ltr'>de</span> <span class='ocrx_word' id='word_1_321' title='bbox 2042 3430 2106 3494; x_wconf 91' lang='lat' dir='ltr'>quo</span> 
     </span>
     <span class='ocr_line' id='line_1_29' title="bbox 296 3511 2107 3602; baseline 0.004 -29"><span class='ocrx_word' id='word_1_322' title='bbox 296 3511 494 3593; x_wconf 77' lang='lat' dir='ltr'>disserimus,</span> <span class='ocrx_word' id='word_1_323' title='bbox 513 3516 539 3578; x_wconf 93' lang='lat' dir='ltr'>is</span> <span class='ocrx_word' id='word_1_324' title='bbox 558 3515 641 3598; x_wconf 88' lang='lat' dir='ltr'>legat</span> <span class='ocrx_word' id='word_1_325' title='bbox 651 3514 685 3590; x_wconf 82' lang='lat' dir='ltr'>Q.</span> <span class='ocrx_word' id='word_1_326' title='bbox 698 3517 828 3579; x_wconf 89' lang='lat' dir='ltr'>Asconii</span> <span class='ocrx_word' id='word_1_327' title='bbox 851 3515 980 3580; x_wconf 89' lang='lat' dir='ltr'>Pediani</span> <span class='ocrx_word' id='word_1_328' title='bbox 999 3517 1193 3582; x_wconf 68' lang='lat' dir='ltr'>‹rodicieb‘oc</span> <span class='ocrx_word' id='word_1_329' title='bbox 1205 3516 1348 3580; x_wconf 86' lang='lat' dir='ltr'>Columb.</span> <span class='ocrx_word' id='word_1_330' title='bbox 1360 3517 1440 3581; x_wconf 92' lang='lat' dir='ltr'>Flor.</span> <span class='ocrx_word' id='word_1_331' title='bbox 1462 3517 1730 3602; x_wconf 86' lang='lat' dir='ltr'>subscriptionem</span> <span class='ocrx_word' id='word_1_332' title='bbox 1752 3519 1847 3580; x_wconf 89' lang='lat' dir='ltr'>hanc:</span> <span class='ocrx_word' id='word_1_333' title='bbox 1870 3519 1930 3581; x_wconf 91' lang='lat' dir='ltr'>hoc</span> <span class='ocrx_word' id='word_1_334' title='bbox 1948 3519 2107 3598; x_wconf 83' lang='lat' dir='ltr'>fragmen-</span> 
     </span>
    </p>
   </div>
   <div class='ocr_carea' id='block_1_3' title="bbox 296 3689 2109 5188">
    <p class='ocr_par' dir='ltr' id='par_1_7' title="bbox 405 3689 2100 3763">
     <span class='ocr_line' id='line_1_30' title="bbox 405 3689 2100 3763; baseline 0.004 -23"><span class='ocrx_word' id='word_1_335' title='bbox 405 3689 428 3754; x_wconf 91' lang='lat' dir='ltr'>l)</span> <span class='ocrx_word' id='word_1_336' title='bbox 449 3689 486 3743; x_wconf 87' lang='lat' dir='ltr'>cr.</span> <span class='ocrx_word' id='word_1_337' title='bbox 512 3690 646 3746; x_wconf 79' lang='lat' dir='ltr'>Ambrosii</span> <span class='ocrx_word' id='word_1_338' title='bbox 671 3691 835 3746; x_wconf 83' lang='lat' dir='ltr'>Traverearii</span> <span class='ocrx_word' id='word_1_339' title='bbox 858 3693 927 3758; x_wconf 72' lang='lat' dir='ltr'>vita,</span> <span class='ocrx_word' id='word_1_340' title='bbox 956 3693 997 3746; x_wconf 91' lang='lat' dir='ltr'>ed.</span> <span class='ocrx_word' id='word_1_341' title='bbox 1022 3692 1183 3747; x_wconf 87' lang='lat' dir='ltr'>Laurentius</span> <span class='ocrx_word' id='word_1_342' title='bbox 1209 3692 1305 3746; x_wconf 84' lang='lat' dir='ltr'>liebus</span> <span class='ocrx_word' id='word_1_343' title='bbox 1329 3694 1409 3761; x_wconf 86' lang='lat' dir='ltr'>prael.</span> <span class='ocrx_word' id='word_1_344' title='bbox 1440 3711 1464 3762; x_wconf 89' lang='lat' dir='ltr'>p.</span> <span class='ocrx_word' id='word_1_345' title='bbox 1489 3693 1542 3747; x_wconf 84' lang='lat' dir='ltr'>XV</span> <span class='ocrx_word' id='word_1_346' title='bbox 1566 3709 1605 3762; x_wconf 87' lang='lat' dir='ltr'>sq.</span> <span class='ocrx_word' id='word_1_347' title='bbox 1646 3723 1678 3733; x_wconf 91' lang='lat'><em>-</em></span> <span class='ocrx_word' id='word_1_348' title='bbox 1708 3693 1839 3763; x_wconf 82' lang='lat' dir='ltr'>Georgius</span> <span class='ocrx_word' id='word_1_349' title='bbox 1861 3693 1950 3763; x_wconf 80' lang='lat' dir='ltr'>lloigt‚</span> <span class='ocrx_word' id='word_1_350' title='bbox 1980 3693 2100 3747; x_wconf 85' lang='lat' dir='ltr'>Wieder·</span> 
     </span>
    </p>

    <p class='ocr_par' dir='ltr' id='par_1_8' title="bbox 296 3777 999 3850">
     <span class='ocr_line' id='line_1_31' title="bbox 296 3777 999 3850; baseline 0.006 -20"><span class='ocrx_word' id='word_1_351' title='bbox 296 3777 429 3848; x_wconf 88' lang='lat' dir='ltr'>belebung</span> <span class='ocrx_word' id='word_1_352' title='bbox 448 3780 496 3832; x_wconf 89' lang='lat' dir='ltr'>des</span> <span class='ocrx_word' id='word_1_353' title='bbox 515 3779 592 3834; x_wconf 82' lang='lat' dir='ltr'>cluse.</span> <span class='ocrx_word' id='word_1_354' title='bbox 612 3781 780 3836; x_wconf 83' lang='lat' dir='ltr'>Alterthums</span> <span class='ocrx_word' id='word_1_355' title='bbox 800 3781 825 3835; x_wconf 64' lang='grc' dir='ltr'>1ἱ</span> <span class='ocrx_word' id='word_1_356' title='bbox 845 3799 868 3850; x_wconf 89' lang='lat' dir='ltr'>p.</span> <span class='ocrx_word' id='word_1_357' title='bbox 888 3781 940 3834; x_wconf 81' lang='lat'>235</span> <span class='ocrx_word' id='word_1_358' title='bbox 960 3799 999 3850; x_wconf 92' lang='lat' dir='ltr'>sq.</span> 
     </span>
    </p>

    <p class='ocr_par' dir='ltr' id='par_1_9' title="bbox 297 3867 2107 4118">
     <span class='ocr_line' id='line_1_32' title="bbox 358 3867 2106 3942; baseline 0.002 -20"><span class='ocrx_word' id='word_1_359' title='bbox 358 3934 362 3942; x_wconf 28' lang='lat'>¹</span> <span class='ocrx_word' id='word_1_360' title='bbox 405 3867 432 3936; x_wconf 74' lang='lat'>⁸2)</span> <span class='ocrx_word' id='word_1_361' title='bbox 452 3867 645 3924; x_wconf 79' lang='lat' dir='ltr'>Celeberrimao</span> <span class='ocrx_word' id='word_1_362' title='bbox 664 3871 746 3925; x_wconf 90' lang='lat' dir='ltr'>huius</span> <span class='ocrx_word' id='word_1_363' title='bbox 765 3870 898 3939; x_wconf 89' lang='lat' dir='ltr'>epistulae</span> <span class='ocrx_word' id='word_1_364' title='bbox 917 3873 945 3924; x_wconf 93' lang='lat' dir='ltr'>in</span> <span class='ocrx_word' id='word_1_365' title='bbox 966 3875 1071 3924; x_wconf 88' lang='lat' dir='ltr'>nostrae</span> <span class='ocrx_word' id='word_1_366' title='bbox 1091 3889 1196 3940; x_wconf 88' lang='lat' dir='ltr'>quoquc</span> <span class='ocrx_word' id='word_1_367' title='bbox 1216 3872 1382 3926; x_wconf 86' lang='lat' dir='ltr'>academicae</span> <span class='ocrx_word' id='word_1_368' title='bbox 1403 3871 1578 3926; x_wconf 85' lang='lat' dir='ltr'>bibliothecae</span> <span class='ocrx_word' id='word_1_369' title='bbox 1598 3870 1700 3924; x_wconf 90' lang='lat' dir='ltr'>codicis</span> <span class='ocrx_word' id='word_1_370' title='bbox 1719 3887 1743 3923; x_wconf 94' lang='lat' dir='ltr'>n.</span> <span class='ocrx_word' id='word_1_371' title='bbox 1765 3869 1835 3924; x_wconf 79' lang='lat'>1270</span> <span class='ocrx_word' id='word_1_372' title='bbox 1853 3869 1897 3924; x_wconf 86' lang='lat' dir='ltr'>iol.</span> <span class='ocrx_word' id='word_1_373' title='bbox 1920 3873 1969 3926; x_wconf 81' lang='lat'>135</span> <span class='ocrx_word' id='word_1_374' title='bbox 1983 3877 2106 3926; x_wconf 84' lang='lat' dir='ltr'>serratas</span> 
     </span>
     <span class='ocr_line' id='line_1_33' title="bbox 297 3955 2107 4030; baseline 0.004 -23"><span class='ocrx_word' id='word_1_375' title='bbox 297 3971 313 4008; x_wconf 85' lang='lat' dir='ltr'>a</span> <span class='ocrx_word' id='word_1_376' title='bbox 336 3955 449 4020; x_wconf 66' lang='lat' dir='ltr'>Quirino</span> <span class='ocrx_word' id='word_1_377' title='bbox 467 3957 580 4013; x_wconf 89' lang='lat' dir='ltr'>Diatrib.</span> <span class='ocrx_word' id='word_1_378' title='bbox 610 3959 728 4027; x_wconf 89' lang='lat' dir='ltr'>praelim.</span> <span class='ocrx_word' id='word_1_379' title='bbox 757 3961 800 4028; x_wconf 75' lang='lat'>§1</span> <span class='ocrx_word' id='word_1_380' title='bbox 831 3960 916 4013; x_wconf 81' lang='lat' dir='ltr'>editae</span> <span class='ocrx_word' id='word_1_381' title='bbox 944 3961 1031 4015; x_wconf 92' lang='lat' dir='ltr'>locum</span> <span class='ocrx_word' id='word_1_382' title='bbox 1058 3961 1248 4030; x_wconf 75' lang='lat' dir='ltr'>grauissimum</span> <span class='ocrx_word' id='word_1_383' title='bbox 1272 3961 1424 4014; x_wconf 84' lang='lat' dir='ltr'>exscribere</span> <span class='ocrx_word' id='word_1_384' title='bbox 1448 3976 1542 4028; x_wconf 76' lang='lat' dir='ltr'>operae</span> <span class='ocrx_word' id='word_1_385' title='bbox 1566 3960 1680 4028; x_wconf 89' lang='lat' dir='ltr'>pretium</span> <span class='ocrx_word' id='word_1_386' title='bbox 1707 3959 1833 4013; x_wconf 81' lang='lat' dir='ltr'>duximus</span> <span class='ocrx_word' id='word_1_387' title='bbox 1854 3959 1981 4028; x_wconf 80' lang='lat' dir='ltr'>respectis</span> <span class='ocrx_word' id='word_1_388' title='bbox 2000 3961 2107 4030; x_wconf 88' lang='lat' dir='ltr'>quidem</span> 
     </span>
     <span class='ocr_line' id='line_1_34' title="bbox 298 4043 1676 4118; baseline 0.002 -21"><span class='ocrx_word' id='word_1_389' title='bbox 298 4043 455 4114; x_wconf 87' lang='lat' dir='ltr'>Kieseliugii</span> <span class='ocrx_word' id='word_1_390' title='bbox 474 4047 705 4103; x_wconf 87' lang='lat' dir='ltr'>emendationibus</span> <span class='ocrx_word' id='word_1_391' title='bbox 724 4047 765 4117; x_wconf 83' lang='lat' dir='ltr'>(Q.</span> <span class='ocrx_word' id='word_1_392' title='bbox 785 4049 919 4103; x_wconf 84' lang='lat' dir='ltr'>Asconius</span> <span class='ocrx_word' id='word_1_393' title='bbox 939 4048 1083 4114; x_wconf 78' lang='lat' dir='ltr'>Pedianus,</span> <span class='ocrx_word' id='word_1_394' title='bbox 1103 4051 1142 4102; x_wconf 89' lang='lat' dir='ltr'>ed.</span> <span class='ocrx_word' id='word_1_395' title='bbox 1163 4049 1302 4117; x_wconf 87' lang='lat' dir='ltr'>Kiessliug</span> <span class='ocrx_word' id='word_1_396' title='bbox 1319 4053 1346 4102; x_wconf 91' lang='lat' dir='ltr'>et</span> <span class='ocrx_word' id='word_1_397' title='bbox 1364 4049 1470 4104; x_wconf 86' lang='lat' dir='ltr'>Sciroell</span> <span class='ocrx_word' id='word_1_398' title='bbox 1490 4067 1514 4118; x_wconf 91' lang='lat' dir='ltr'>p.</span> <span class='ocrx_word' id='word_1_399' title='bbox 1534 4047 1676 4116; x_wconf 82' lang='lat' dir='ltr'>XXl&#39;lll.)</span> 
     </span>
    </p>

    <p class='ocr_par' dir='ltr' id='par_1_10' title="bbox 298 4134 2109 5188">
     <span class='ocr_line' id='line_1_35' title="bbox 404 4134 2107 4208; baseline 0.004 -20"><span class='ocrx_word' id='word_1_400' title='bbox 404 4134 523 4206; x_wconf 82' lang='lat' dir='ltr'>Poggius</span> <span class='ocrx_word' id='word_1_401' title='bbox 547 4137 665 4192; x_wconf 80' lang='lat' dir='ltr'>Guarino</span> <span class='ocrx_word' id='word_1_402' title='bbox 685 4137 834 4192; x_wconf 88' lang='lat' dir='ltr'>Veronensi</span> <span class='ocrx_word' id='word_1_403' title='bbox 853 4137 901 4192; x_wconf 92' lang='lat' dir='ltr'>eal.</span> <span class='ocrx_word' id='word_1_404' title='bbox 922 4138 956 4208; x_wconf 93' lang='lat' dir='ltr'>pl.</span> <span class='ocrx_word' id='word_1_405' title='bbox 977 4137 1001 4191; x_wconf 93' lang='lat' dir='ltr'>d.</span> <span class='ocrx_word' id='word_1_406' title='bbox 1024 4137 1121 4191; x_wconf 83' lang='lat' dir='ltr'>..Sed</span> <span class='ocrx_word' id='word_1_407' title='bbox 1146 4155 1228 4206; x_wconf 90' lang='lat' dir='ltr'>quum</span> <span class='ocrx_word' id='word_1_408' title='bbox 1253 4141 1353 4192; x_wconf 82' lang='lat' dir='ltr'>tetriore</span> <span class='ocrx_word' id='word_1_409' title='bbox 1377 4155 1503 4207; x_wconf 87' lang='lat' dir='ltr'>persaepe</span> <span class='ocrx_word' id='word_1_410' title='bbox 1526 4139 1664 4204; x_wconf 84' lang='lat' dir='ltr'>eveniant,</span> <span class='ocrx_word' id='word_1_411' title='bbox 1689 4153 1757 4206; x_wconf 70' lang='lat' dir='ltr'>aquae</span> <span class='ocrx_word' id='word_1_412' title='bbox 1782 4154 1834 4192; x_wconf 93' lang='lat' dir='ltr'>non</span> <span class='ocrx_word' id='word_1_413' title='bbox 1857 4139 1957 4192; x_wconf 87' lang='lat' dir='ltr'>audeas</span> <span class='ocrx_word' id='word_1_414' title='bbox 1981 4143 2107 4208; x_wconf 86' lang='lat' dir='ltr'>optare..</span> 
     </span>
     <span class='ocr_line' id='line_1_36' title="bbox 298 4223 2108 4297; baseline 0.003 -21"><span class='ocrx_word' id='word_1_415' title='bbox 298 4223 405 4277; x_wconf 79' lang='lat' dir='ltr'>fortuna</span> <span class='ocrx_word' id='word_1_416' title='bbox 424 4226 554 4292; x_wconf 86' lang='lat' dir='ltr'>quaedam</span> <span class='ocrx_word' id='word_1_417' title='bbox 575 4226 627 4280; x_wconf 84' lang='lat' dir='ltr'>tuit</span> <span class='ocrx_word' id='word_1_418' title='bbox 646 4269 651 4279; x_wconf 96' lang='lat'>.</span> <span class='ocrx_word' id='word_1_419' title='bbox 672 4269 677 4280; x_wconf 95' lang='lat'>.</span> <span class='ocrx_word' id='word_1_420' title='bbox 698 4232 802 4294; x_wconf 75' lang='lat' dir='ltr'>nostra,</span> <span class='ocrx_word' id='word_1_421' title='bbox 821 4231 859 4292; x_wconf 71' lang='lat' dir='ltr'>ut,</span> <span class='ocrx_word' id='word_1_422' title='bbox 879 4243 962 4296; x_wconf 92' lang='lat' dir='ltr'>quum</span> <span class='ocrx_word' id='word_1_423' title='bbox 988 4243 1109 4280; x_wconf 87' lang='lat' dir='ltr'>essemus</span> <span class='ocrx_word' id='word_1_424' title='bbox 1128 4227 1298 4282; x_wconf 83' lang='lat' dir='ltr'>Constantine</span> <span class='ocrx_word' id='word_1_425' title='bbox 1318 4229 1405 4292; x_wconf 83' lang='lat' dir='ltr'>otiosi,</span> <span class='ocrx_word' id='word_1_426' title='bbox 1424 4229 1523 4297; x_wconf 90' lang='lat' dir='ltr'>cupido</span> <span class='ocrx_word' id='word_1_427' title='bbox 1541 4225 1684 4280; x_wconf 87' lang='lat' dir='ltr'>incesserit</span> <span class='ocrx_word' id='word_1_428' title='bbox 1701 4227 1809 4280; x_wconf 81' lang='lat' dir='ltr'>visendi</span> <span class='ocrx_word' id='word_1_429' title='bbox 1828 4227 1887 4282; x_wconf 85' lang='lat' dir='ltr'>eius</span> <span class='ocrx_word' id='word_1_430' title='bbox 1906 4226 1966 4296; x_wconf 88' lang='lat' dir='ltr'>loci,</span> <span class='ocrx_word' id='word_1_431' title='bbox 1990 4245 2043 4297; x_wconf 92' lang='lat' dir='ltr'>quo</span> <span class='ocrx_word' id='word_1_432' title='bbox 2061 4228 2108 4282; x_wconf 93' lang='lat' dir='ltr'>ille</span> 
     </span>
     <span class='ocr_line' id='line_1_37' title="bbox 298 4311 2106 4388; baseline 0.002 -22"><span class='ocrx_word' id='word_1_433' title='bbox 298 4311 500 4381; x_wconf 76' lang='lat' dir='ltr'>lQuiutilianus)</span> <span class='ocrx_word' id='word_1_434' title='bbox 530 4315 652 4369; x_wconf 87' lang='lat' dir='ltr'>reclusus</span> <span class='ocrx_word' id='word_1_435' title='bbox 680 4315 827 4370; x_wconf 87' lang='lat' dir='ltr'>tenebatur.</span> <span class='ocrx_word' id='word_1_436' title='bbox 866 4315 915 4369; x_wconf 71' lang='lat' dir='ltr'>aa</span> <span class='ocrx_word' id='word_1_437' title='bbox 941 4323 1031 4370; x_wconf 90' lang='lat' dir='ltr'>autom</span> <span class='ocrx_word' id='word_1_438' title='bbox 1051 4315 1241 4370; x_wconf 78' lang='lat' dir='ltr'>Menoetenum</span> <span class='ocrx_word' id='word_1_439' title='bbox 1271 4317 1321 4370; x_wconf 88' lang='lat' dir='ltr'>ecti</span> <span class='ocrx_word' id='word_1_440' title='bbox 1341 4317 1410 4371; x_wconf 84' lang='lat' dir='ltr'>Galli</span> <span class='ocrx_word' id='word_1_441' title='bbox 1438 4333 1518 4385; x_wconf 88' lang='lat' dir='ltr'>prope</span> <span class='ocrx_word' id='word_1_442' title='bbox 1542 4315 1636 4369; x_wconf 91' lang='lat' dir='ltr'>urbem</span> <span class='ocrx_word' id='word_1_443' title='bbox 1656 4315 1725 4368; x_wconf 88' lang='lat' dir='ltr'>hunc</span> <span class='ocrx_word' id='word_1_444' title='bbox 1750 4315 1824 4370; x_wconf 89' lang='lat' dir='ltr'>milia</span> <span class='ocrx_word' id='word_1_445' title='bbox 1847 4332 1977 4384; x_wconf 88' lang='lat' dir='ltr'>passuum</span> <span class='ocrx_word' id='word_1_446' title='bbox 1997 4317 2106 4388; x_wconf 87' lang='lat' dir='ltr'>vigenti.</span> 
     </span>
     <span class='ocr_line' id='line_1_38' title="bbox 298 4399 2109 4475; baseline 0.005 -22"><span class='ocrx_word' id='word_1_447' title='bbox 298 4399 393 4470; x_wconf 85' lang='lat' dir='ltr'>ltaque</span> <span class='ocrx_word' id='word_1_448' title='bbox 412 4403 536 4457; x_wconf 91' lang='lat' dir='ltr'>nonnulli</span> <span class='ocrx_word' id='word_1_449' title='bbox 554 4405 675 4458; x_wconf 86' lang='lat' dir='ltr'>animum</span> <span class='ocrx_word' id='word_1_450' title='bbox 695 4405 805 4460; x_wconf 87' lang='lat' dir='ltr'>laxandi</span> <span class='ocrx_word' id='word_1_451' title='bbox 823 4409 850 4460; x_wconf 92' lang='lat' dir='ltr'>ct</span> <span class='ocrx_word' id='word_1_452' title='bbox 869 4405 948 4459; x_wconf 85' lang='lat' dir='ltr'>einrul</span> <span class='ocrx_word' id='word_1_453' title='bbox 969 4405 1205 4474; x_wconf 87' lang='lat' dir='ltr'>perquirendorum</span> <span class='ocrx_word' id='word_1_454' title='bbox 1225 4405 1362 4474; x_wconf 84' lang='lat' dir='ltr'>libromm,</span> <span class='ocrx_word' id='word_1_455' title='bbox 1382 4422 1496 4475; x_wconf 88' lang='lat' dir='ltr'>quorum</span> <span class='ocrx_word' id='word_1_456' title='bbox 1511 4421 1625 4474; x_wconf 90' lang='lat' dir='ltr'>maguus</span> <span class='ocrx_word' id='word_1_457' title='bbox 1640 4421 1768 4458; x_wconf 88' lang='lat' dir='ltr'>numerus</span> <span class='ocrx_word' id='word_1_458' title='bbox 1782 4421 1840 4459; x_wconf 87' lang='lat' dir='ltr'>esee</span> <span class='ocrx_word' id='word_1_459' title='bbox 1856 4405 2003 4474; x_wconf 85' lang='lat' dir='ltr'>dicebatur,</span> <span class='ocrx_word' id='word_1_460' title='bbox 2022 4409 2109 4475; x_wconf 84' lang='lat' dir='ltr'>gratia</span> 
     </span>
     <span class='ocr_line' id='line_1_39' title="bbox 298 4491 2107 4565; baseline 0.004 -22"><span class='ocrx_word' id='word_1_461' title='bbox 298 4507 330 4544; x_wconf 93' lang='lat' dir='ltr'>eo</span> <span class='ocrx_word' id='word_1_462' title='bbox 350 4491 524 4558; x_wconf 84' lang='lat' dir='ltr'>perreximus.</span> <span class='ocrx_word' id='word_1_463' title='bbox 561 4491 602 4546; x_wconf 93' lang='lat' dir='ltr'>Ibi</span> <span class='ocrx_word' id='word_1_464' title='bbox 621 4495 691 4547; x_wconf 87' lang='lat' dir='ltr'>inter</span> <span class='ocrx_word' id='word_1_465' title='bbox 710 4493 933 4548; x_wconf 79' lang='lat' dir='ltr'>confertissimam</span> <span class='ocrx_word' id='word_1_466' title='bbox 953 4494 1081 4548; x_wconf 91' lang='lat' dir='ltr'>librorum</span> <span class='ocrx_word' id='word_1_467' title='bbox 1101 4494 1214 4561; x_wconf 81' lang='lat' dir='ltr'>copiam,</span> <span class='ocrx_word' id='word_1_468' title='bbox 1234 4512 1301 4564; x_wconf 86' lang='lat' dir='ltr'>quos</span> <span class='ocrx_word' id='word_1_469' title='bbox 1320 4495 1428 4565; x_wconf 87' lang='lat' dir='ltr'>longum</span> <span class='ocrx_word' id='word_1_470' title='bbox 1448 4498 1520 4548; x_wconf 88' lang='lat' dir='ltr'>esset</span> <span class='ocrx_word' id='word_1_471' title='bbox 1538 4509 1684 4562; x_wconf 86' lang='lat' dir='ltr'>recensere,</span> <span class='ocrx_word' id='word_1_472' title='bbox 1709 4493 1907 4560; x_wconf 80' lang='lat' dir='ltr'>Quintilianum</span> <span class='ocrx_word' id='word_1_473' title='bbox 1927 4495 2107 4564; x_wconf 84' lang='lat' dir='ltr'>comperimus</span> 
     </span>
     <span class='ocr_line' id='line_1_40' title="bbox 298 4579 2109 4654; baseline 0.003 -21"><span class='ocrx_word' id='word_1_474' title='bbox 298 4579 326 4644; x_wconf 82' lang='lat' dir='ltr'>(l</span> <span class='ocrx_word' id='word_1_475' title='bbox 346 4580 505 4650; x_wconf 82' lang='lat' dir='ltr'>reperimus)</span> <span class='ocrx_word' id='word_1_476' title='bbox 520 4582 609 4636; x_wconf 87' lang='lat' dir='ltr'>adhuc</span> <span class='ocrx_word' id='word_1_477' title='bbox 628 4582 733 4638; x_wconf 84' lang='lat' dir='ltr'>salvum</span> <span class='ocrx_word' id='word_1_478' title='bbox 752 4587 779 4637; x_wconf 89' lang='lat' dir='ltr'>et</span> <span class='ocrx_word' id='word_1_479' title='bbox 793 4583 962 4650; x_wconf 80' lang='lat' dir='ltr'>incolumem,</span> <span class='ocrx_word' id='word_1_480' title='bbox 983 4584 1090 4652; x_wconf 90' lang='lat' dir='ltr'>plenum</span> <span class='ocrx_word' id='word_1_481' title='bbox 1106 4589 1195 4638; x_wconf 79' lang='lat' dir='ltr'>tarucu</span> <span class='ocrx_word' id='word_1_482' title='bbox 1215 4584 1269 4638; x_wconf 89' lang='lat' dir='ltr'>situ</span> <span class='ocrx_word' id='word_1_483' title='bbox 1288 4589 1315 4638; x_wconf 91' lang='lat' dir='ltr'>et</span> <span class='ocrx_word' id='word_1_484' title='bbox 1334 4583 1445 4654; x_wconf 91' lang='lat' dir='ltr'>pulvere</span> <span class='ocrx_word' id='word_1_485' title='bbox 1464 4582 1640 4652; x_wconf 85' lang='lat' dir='ltr'>squalentem.</span> <span class='ocrx_word' id='word_1_486' title='bbox 1669 4583 1834 4638; x_wconf 78' lang='lat' dir='ltr'>Mrantenirn</span> <span class='ocrx_word' id='word_1_487' title='bbox 1845 4601 1896 4638; x_wconf 92' lang='lat' dir='ltr'>non</span> <span class='ocrx_word' id='word_1_488' title='bbox 1907 4585 1934 4637; x_wconf 94' lang='lat' dir='ltr'>in</span> <span class='ocrx_word' id='word_1_489' title='bbox 1947 4583 2109 4639; x_wconf 87' lang='lat' dir='ltr'>bibliotheca</span> 
     </span>
     <span class='ocr_line' id='line_1_41' title="bbox 298 4667 2108 4742; baseline 0.003 -20"><span class='ocrx_word' id='word_1_490' title='bbox 298 4667 361 4722; x_wconf 76' lang='lat' dir='ltr'>libra¹</span> <span class='ocrx_word' id='word_1_491' title='bbox 378 4667 427 4736; x_wconf 81' lang='lat' dir='ltr'>illi,</span> <span class='ocrx_word' id='word_1_492' title='bbox 443 4673 474 4723; x_wconf 91' lang='lat' dir='ltr'>ut</span> <span class='ocrx_word' id='word_1_493' title='bbox 492 4685 584 4724; x_wconf 88' lang='lat' dir='ltr'>corum</span> <span class='ocrx_word' id='word_1_494' title='bbox 599 4673 714 4740; x_wconf 85' lang='lat' dir='ltr'>dignitas</span> <span class='ocrx_word' id='word_1_495' title='bbox 728 4673 888 4741; x_wconf 77' lang='lat' dir='ltr'>postulabat,</span> <span class='ocrx_word' id='word_1_496' title='bbox 908 4672 955 4725; x_wconf 90' lang='lat' dir='ltr'>eod</span> <span class='ocrx_word' id='word_1_497' title='bbox 969 4674 998 4725; x_wconf 92' lang='lat' dir='ltr'>in</span> <span class='ocrx_word' id='word_1_498' title='bbox 1017 4673 1154 4727; x_wconf 86' lang='lat' dir='ltr'>teterrimo</span> <span class='ocrx_word' id='word_1_499' title='bbox 1177 4674 1293 4742; x_wconf 91' lang='lat' dir='ltr'>quodam</span> <span class='ocrx_word' id='word_1_500' title='bbox 1312 4677 1339 4726; x_wconf 91' lang='lat' dir='ltr'>et</span> <span class='ocrx_word' id='word_1_501' title='bbox 1355 4673 1469 4726; x_wconf 89' lang='lat' dir='ltr'>obscuro</span> <span class='ocrx_word' id='word_1_502' title='bbox 1488 4688 1602 4738; x_wconf 79' lang='lat' dir='ltr'>carcere,</span> <span class='ocrx_word' id='word_1_503' title='bbox 1622 4673 1704 4728; x_wconf 85' lang='lat' dir='ltr'>tundo</span> <span class='ocrx_word' id='word_1_504' title='bbox 1723 4673 1828 4727; x_wconf 86' lang='lat' dir='ltr'>scilieet</span> <span class='ocrx_word' id='word_1_505' title='bbox 1843 4674 1925 4726; x_wconf 89' lang='lat' dir='ltr'>unius</span> <span class='ocrx_word' id='word_1_506' title='bbox 1943 4673 2034 4740; x_wconf 81' lang='lat' dir='ltr'>turris,</span> <span class='ocrx_word' id='word_1_507' title='bbox 2054 4691 2108 4742; x_wconf 87' lang='lat' dir='ltr'>quo</span> 
     </span>
     <span class='ocr_line' id='line_1_42' title="bbox 299 4758 2108 4832; baseline 0.004 -23"><span class='ocrx_word' id='word_1_508' title='bbox 299 4773 332 4810; x_wconf 92' lang='lat' dir='ltr'>ne</span> <span class='ocrx_word' id='word_1_509' title='bbox 359 4758 480 4826; x_wconf 85' lang='lat' dir='ltr'>capitalis</span> <span class='ocrx_word' id='word_1_510' title='bbox 508 4759 615 4828; x_wconf 85' lang='lat' dir='ltr'>quidem</span> <span class='ocrx_word' id='word_1_511' title='bbox 643 4762 681 4816; x_wconf 90' lang='lat' dir='ltr'>rei</span> <span class='ocrx_word' id='word_1_512' title='bbox 709 4761 828 4814; x_wconf 88' lang='lat' dir='ltr'>damnati</span> <span class='ocrx_word' id='word_1_513' title='bbox 847 4761 1054 4814; x_wconf 87' lang='lat' dir='ltr'>detruderentur</span> <span class='ocrx_word' id='word_1_514' title='bbox 1073 4805 1077 4814; x_wconf 95' lang='lat'>.</span> <span class='ocrx_word' id='word_1_515' title='bbox 1099 4805 1104 4814; x_wconf 92' lang='lat'>.</span> <span class='ocrx_word' id='word_1_516' title='bbox 1126 4803 1131 4813; x_wconf 96' lang='lat'>.</span> <span class='ocrx_word' id='word_1_517' title='bbox 1153 4761 1309 4829; x_wconf 83' lang='lat' dir='ltr'>Reperiurue</span> <span class='ocrx_word' id='word_1_518' title='bbox 1338 4767 1474 4828; x_wconf 84' lang='lat' dir='ltr'>praeterea</span> <span class='ocrx_word' id='word_1_519' title='bbox 1492 4761 1574 4815; x_wconf 89' lang='lat' dir='ltr'>libros</span> <span class='ocrx_word' id='word_1_520' title='bbox 1594 4767 1648 4816; x_wconf 88' lang='lat' dir='ltr'>tres</span> <span class='ocrx_word' id='word_1_521' title='bbox 1668 4764 1766 4832; x_wconf 90' lang='lat' dir='ltr'>primos</span> <span class='ocrx_word' id='word_1_522' title='bbox 1785 4765 1813 4816; x_wconf 91' lang='lat' dir='ltr'>et</span> <span class='ocrx_word' id='word_1_523' title='bbox 1831 4761 1999 4816; x_wconf 87' lang='lat' dir='ltr'>dimidiatum</span> <span class='ocrx_word' id='word_1_524' title='bbox 2020 4764 2108 4830; x_wconf 87' lang='lat' dir='ltr'>quarti</span> 
     </span>
     <span class='ocr_line' id='line_1_43' title="bbox 300 4845 2107 4920; baseline 0.004 -22"><span class='ocrx_word' id='word_1_525' title='bbox 300 4845 327 4912; x_wconf 74' lang='lat' dir='ltr'>tl.</span> <span class='ocrx_word' id='word_1_526' title='bbox 356 4849 493 4918; x_wconf 83' lang='lat' dir='ltr'>quartum)</span> <span class='ocrx_word' id='word_1_527' title='bbox 521 4847 549 4904; x_wconf 86' lang='lat' dir='ltr'>C.</span> <span class='ocrx_word' id='word_1_528' title='bbox 570 4849 672 4904; x_wconf 85' lang='lat' dir='ltr'>Valerii</span> <span class='ocrx_word' id='word_1_529' title='bbox 699 4849 788 4904; x_wconf 80' lang='lat' dir='ltr'>Flacci</span> <span class='ocrx_word' id='word_1_530' title='bbox 812 4851 1008 4918; x_wconf 86' lang='lat' dir='ltr'>Argonauticon</span> <span class='ocrx_word' id='word_1_531' title='bbox 1037 4854 1064 4904; x_wconf 92' lang='lat' dir='ltr'>ct</span> <span class='ocrx_word' id='word_1_532' title='bbox 1087 4851 1289 4919; x_wconf 67' lang='lat' dir='ltr'>dispositiones,</span> <span class='ocrx_word' id='word_1_533' title='bbox 1318 4855 1446 4920; x_wconf 78' lang='lat' dir='ltr'>tauquam</span> <span class='ocrx_word' id='word_1_534' title='bbox 1476 4851 1568 4905; x_wconf 86' lang='lat' dir='ltr'>thema</span> <span class='ocrx_word' id='word_1_535' title='bbox 1595 4853 1742 4920; x_wconf 81' lang='lat' dir='ltr'>quoddam,</span> <span class='ocrx_word' id='word_1_536' title='bbox 1771 4868 1852 4920; x_wconf 90' lang='lat' dir='ltr'>super</span> <span class='ocrx_word' id='word_1_537' title='bbox 1882 4855 1942 4906; x_wconf 91' lang='lat' dir='ltr'>octo</span> <span class='ocrx_word' id='word_1_538' title='bbox 1971 4852 2107 4906; x_wconf 81' lang='lat' dir='ltr'>Ciceronis</span> 
     </span>
     <span class='ocr_line' id='line_1_44' title="bbox 300 4937 2108 5008; baseline 0.003 -20"><span class='ocrx_word' id='word_1_539' title='bbox 300 4937 515 5004; x_wconf 72' lang='lat' dir='ltr'>orationibueQ</span> <span class='ocrx_word' id='word_1_540' title='bbox 540 4939 653 4994; x_wconf 88' lang='lat' dir='ltr'>Asconii</span> <span class='ocrx_word' id='word_1_541' title='bbox 668 4938 779 4993; x_wconf 89' lang='lat' dir='ltr'>Pediaui</span> <span class='ocrx_word' id='word_1_542' title='bbox 794 4938 1006 5007; x_wconf 88' lang='lat' dir='ltr'>eloquentissimi</span> <span class='ocrx_word' id='word_1_543' title='bbox 1025 4940 1077 4994; x_wconf 89' lang='lat' dir='ltr'>viri</span> <span class='ocrx_word' id='word_1_544' title='bbox 1097 4982 1102 4994; x_wconf 88' lang='lat'>.</span> <span class='ocrx_word' id='word_1_545' title='bbox 1123 4983 1128 4993; x_wconf 95' lang='lat'>.</span> <span class='ocrx_word' id='word_1_546' title='bbox 1150 4981 1156 4992; x_wconf 93' lang='lat'>.</span> <span class='ocrx_word' id='word_1_547' title='bbox 1179 4939 1252 4994; x_wconf 86' lang='lat' dir='ltr'>Haec</span> <span class='ocrx_word' id='word_1_548' title='bbox 1277 4955 1336 4994; x_wconf 81' lang='lat' dir='ltr'>mea</span> <span class='ocrx_word' id='word_1_549' title='bbox 1359 4955 1440 4994; x_wconf 90' lang='lat' dir='ltr'>mauu</span> <span class='ocrx_word' id='word_1_550' title='bbox 1464 4939 1638 5008; x_wconf 83' lang='lat' dir='ltr'>transscripsi</span> <span class='ocrx_word' id='word_1_551' title='bbox 1666 4943 1694 4993; x_wconf 88' lang='lat' dir='ltr'>et</span> <span class='ocrx_word' id='word_1_552' title='bbox 1721 4939 1831 5008; x_wconf 89' lang='lat' dir='ltr'>quidem</span> <span class='ocrx_word' id='word_1_553' title='bbox 1860 4941 1997 5008; x_wconf 81' lang='lat' dir='ltr'>velociter,</span> <span class='ocrx_word' id='word_1_554' title='bbox 2026 4945 2057 4994; x_wconf 93' lang='lat' dir='ltr'>ut</span> <span class='ocrx_word' id='word_1_555' title='bbox 2076 4958 2108 4994; x_wconf 90' lang='lat' dir='ltr'>ea</span> 
     </span>
     <span class='ocr_line' id='line_1_45' title="bbox 300 5025 2106 5084; baseline 0.003 -7"><span class='ocrx_word' id='word_1_556' title='bbox 300 5025 433 5079; x_wconf 89' lang='lat' dir='ltr'>mitterem</span> <span class='ocrx_word' id='word_1_557' title='bbox 466 5029 500 5082; x_wconf 90' lang='lat' dir='ltr'>ad</span> <span class='ocrx_word' id='word_1_558' title='bbox 532 5029 700 5083; x_wconf 73' lang='lat' dir='ltr'>leonardum</span> <span class='ocrx_word' id='word_1_559' title='bbox 721 5029 874 5082; x_wconf 79' lang='lat' dir='ltr'>Arretinum</span> <span class='ocrx_word' id='word_1_560' title='bbox 902 5033 930 5082; x_wconf 92' lang='lat' dir='ltr'>et</span> <span class='ocrx_word' id='word_1_561' title='bbox 957 5027 1097 5084; x_wconf 90' lang='lat' dir='ltr'>Nicolaum</span> <span class='ocrx_word' id='word_1_562' title='bbox 1125 5028 1335 5084; x_wconf 87' lang='lat' dir='ltr'>Florentinum.</span> <span class='ocrx_word' id='word_1_563' title='bbox 1356 5069 1415 5083; x_wconf 91' lang='lat'>...</span> <span class='ocrx_word' id='word_1_564' title='bbox 1445 5028 1616 5083; x_wconf 57' lang='lat' dir='ltr'>Consentiae</span> <span class='ocrx_word' id='word_1_565' title='bbox 1644 5029 1724 5083; x_wconf 77' lang='lat' dir='ltr'>xvir</span> <span class='ocrx_word' id='word_1_566' title='bbox 1753 5028 1811 5082; x_wconf 83' lang='lat' dir='ltr'>Kal.</span> <span class='ocrx_word' id='word_1_567' title='bbox 1840 5028 1917 5084; x_wconf 85' lang='lat' dir='ltr'>Jauri.</span> <span class='ocrx_word' id='word_1_568' title='bbox 1943 5033 2020 5084; x_wconf 87' lang='lat' dir='ltr'>Anno</span> <span class='ocrx_word' id='word_1_569' title='bbox 2045 5030 2106 5084; x_wconf 82' lang='lat' dir='ltr'>Cirr.</span> 
     </span>
     <span class='ocr_line' id='line_1_46' title="bbox 300 5113 2107 5188; baseline 0.003 -21"><span class='ocrx_word' id='word_1_570' title='bbox 300 5113 505 5168; x_wconf 72' lang='lat' dir='ltr'>MCCCCXVM.</span> <span class='ocrx_word' id='word_1_571' title='bbox 525 5117 563 5172; x_wconf 80' lang='lat' dir='ltr'>Gi.</span> <span class='ocrx_word' id='word_1_572' title='bbox 578 5117 611 5169; x_wconf 88' lang='grc' dir='ltr'>Η.</span> <span class='ocrx_word' id='word_1_573' title='bbox 632 5117 723 5186; x_wconf 78' lang='lat' dir='ltr'>Blase,</span> <span class='ocrx_word' id='word_1_574' title='bbox 748 5116 816 5170; x_wconf 85' lang='lat' dir='ltr'>Mus.</span> <span class='ocrx_word' id='word_1_575' title='bbox 835 5117 917 5170; x_wconf 85' lang='lat' dir='ltr'>Rhea.</span> <span class='ocrx_word' id='word_1_576' title='bbox 938 5119 972 5170; x_wconf 75' lang='lat' dir='ltr'>:to</span> <span class='ocrx_word' id='word_1_577' title='bbox 992 5135 1015 5186; x_wconf 94' lang='lat' dir='ltr'>p.</span> <span class='ocrx_word' id='word_1_578' title='bbox 1035 5120 1087 5172; x_wconf 75' lang='lat' dir='ltr'>ms</span> <span class='ocrx_word' id='word_1_579' title='bbox 1107 5137 1159 5186; x_wconf 73' lang='lat' dir='ltr'>sq..</span> <span class='ocrx_word' id='word_1_580' title='bbox 1184 5119 1229 5186; x_wconf 90' lang='lat' dir='ltr'>qui</span> <span class='ocrx_word' id='word_1_581' title='bbox 1253 5133 1302 5170; x_wconf 92' lang='lat' dir='ltr'>euo</span> <span class='ocrx_word' id='word_1_582' title='bbox 1322 5118 1380 5172; x_wconf 91' lang='lat' dir='ltr'>iure</span> <span class='ocrx_word' id='word_1_583' title='bbox 1399 5133 1468 5172; x_wconf 83' lang='lat' dir='ltr'>auno</span> <span class='ocrx_word' id='word_1_584' title='bbox 1488 5119 1557 5172; x_wconf 74' lang='lat'>1416</span> <span class='ocrx_word' id='word_1_585' title='bbox 1575 5117 1718 5188; x_wconf 89' lang='lat' dir='ltr'>epistulam</span> <span class='ocrx_word' id='word_1_586' title='bbox 1738 5133 1797 5172; x_wconf 88' lang='lat' dir='ltr'>esse</span> <span class='ocrx_word' id='word_1_587' title='bbox 1816 5118 1942 5188; x_wconf 80' lang='lat' dir='ltr'>scriptam</span> <span class='ocrx_word' id='word_1_588' title='bbox 1963 5119 2107 5172; x_wconf 90' lang='lat' dir='ltr'>contendit.</span> 
     </span>
    </p>
   </div>
   <div class='ocr_carea' id='block_1_4' title="bbox 0 0 2443 5812">
    <p class='ocr_par' dir='ltr' id='par_1_11' title="bbox 0 0 2443 5812">
     <span class='ocr_line' id='line_1_47' title="bbox 0 0 2443 5812; baseline 0 0"><span class='ocrx_word' id='word_1_589' title='bbox 0 0 2443 5812; x_wconf 95' lang='lat' dir='ltr'> </span> 
     </span>
    </p>
   </div>
  </div>
 </body>
</html>
