4854 5816
657 677 719 739 550
766 677 979 760 Imponetque
1002 676 1114 759 iugum
1139 677 1234 740 torris
1256 675 1409 758 legesque
1433 674 1567 758 rogabit.
1673 683 1678 716 ·’
1783 688 1787 710 ’

768 766 864 828 Illum
888 764 984 828 urbes
1008 770 1039 829 et
1063 785 1161 846 regna
1186 770 1329 844 trement,
1354 768 1502 846 nutuque
1526 769 1679 848 regentur

768 871 884 954 Unius,
907 877 939 936 et
962 871 1039 936 caeli
1062 877 1134 956 post
1156 881 1254 936 terras
1278 873 1349 935 iura
1372 870 1561 946 manebunt3

347 1052 429 1116 quae
451 1034 568 1096 mirum
596 1035 626 1096 in
656 1033 786 1098 modum
811 1053 885 1096 cum
910 1035 955 1096 eis
979 1037 1174 1116 congruunt,
1197 1051 1280 1114 quae
1299 1032 1380 1113 legis
1404 1031 1488 1114 apud
1510 1031 1695 1114 Vergilium,
1719 1033 1774 1114 qui
1794 1029 1960 1114 Scorpium
1980 1035 2073 1094 antea
2096 1033 2155 1093 im-

346 1141 465 1203 mensis
489 1141 557 1203 suis
581 1140 686 1204 Chelis
705 1141 843 1204 duorum
869 1141 1007 1204 siderum
1035 1141 1172 1222 spatium
1193 1137 1374 1221 explentem
1390 1139 1538 1221 Augusto
1557 1139 1691 1222 principi
1710 1139 1744 1200 in
1764 1137 1920 1200 sideribus
1935 1137 2036 1219 posito
2056 1136 2154 1200 chelis

343 1248 512 1311 contractis
535 1247 639 1310 locum
665 1247 789 1312 dedisse
811 1247 913 1331 fingit,
936 1248 983 1310 sic
1007 1250 1194 1330 Augustum
1218 1245 1389 1310 allocutus:

557 1409 631 1472 Geo.
655 1408 669 1471 l
695 1409 736 1470 24
781 1407 894 1490 Tuque
917 1407 1007 1488 adeo,
1030 1425 1126 1489 quem
1150 1425 1227 1470 mox
1252 1425 1334 1489 quae
1358 1406 1423 1469 sint
1445 1406 1591 1470 habitura
1615 1406 1746 1470 deorum

827 1514 968 1578 Concilia
992 1514 1149 1576 incertum
1173 1519 1236 1594 ost,
1259 1512 1391 1577 urbisne
1415 1514 1564 1594 invisere,
1587 1513 1711 1594 Caeam,

734 1623 775 1684 26
821 1622 1053 1704 Terrarumque
1077 1619 1157 1683 velis
1181 1639 1316 1683 curam.
1341 1672 1348 1684 .

735 1730 776 1791 29
822 1730 876 1791 An
901 1727 979 1792 deus
1001 1727 1150 1790 immensi
1173 1727 1283 1791 venias
1307 1727 1405 1790 maris
1428 1775 1435 1787 .
1460 1775 1465 1788 .

671 1823 674 1828 ’
737 1837 777 1898 32
826 1838 923 1898 Anne
948 1854 1071 1898 norum
1095 1833 1194 1898 tardis
1217 1832 1308 1898 sidus
1332 1840 1362 1898 te
1385 1832 1551 1898 mensibus
1575 1833 1681 1914 addas,

823 1940 894 2017 Qua
919 1941 1009 2005 locus
1033 1940 1194 2025 Erigonen
1218 1942 1301 2004 inter
1324 1938 1502 2023 Chelasque
1525 1941 1692 2024 sequentis

821 2048 978 2112 Panditur
1005 2048 1084 2132 (ipse
1107 2047 1164 2110 tibi
1184 2049 1246 2111 iam
1267 2046 1413 2111 bracchia
1436 2048 1592 2111 contrahit
1615 2047 1731 2112 ardens

823 2153 984 2240 Scorpius,
1007 2160 1038 2218 et
1060 2155 1138 2219 caeli
1161 2155 1247 2218 iusta
1268 2155 1342 2238 plus
1365 2159 1453 2238 parte
1475 2154 1650 2237 relinquit).

451 2315 570 2398 Neque
588 2335 663 2379 vero
685 2316 723 2378 de
742 2314 856 2379 Tiberii
880 2315 1037 2379 sideribus
1060 2314 1224 2392 nataliciis
1248 2316 1341 2378 cuius
1358 2321 1531 2398 conceptus
1544 2315 1578 2377 in
1593 2313 1713 2394 Pisces,
1736 2315 1767 2376 in
1786 2313 1989 2398 Sagittarium
2008 2317 2157 2396 genitum

345 2422 466 2502 incidit,
488 2423 592 2486 simile
616 2423 791 2505 quidquam
817 2423 851 2484 in
875 2423 1015 2486 carmine
1038 2421 1211 2486 Maniliano
1237 2423 1360 2506 legitur.
1398 2419 1547 2504 Namque
1570 2422 1603 2483 in
1629 2440 1666 2485 ea
1689 2423 1838 2484 carminis
1861 2427 1960 2506 parte,
1983 2441 2047 2506 quu
2065 2430 2157 2504 poeta

346 2529 452 2592 varios
474 2549 589 2608 mores,
618 2530 724 2593 studia
747 2534 895 2611 artesque
920 2528 1069 2612 explicat,
1098 2549 1179 2612 quac
1204 2528 1355 2612 quodque
1380 2529 1508 2612 signnm
1538 2528 1656 2591 zodiaci
1686 2528 1893 2592 nascentibus
1921 2529 2087 2611 largiatur,
2120 2527 2157 2591 de

344 2636 513 2718 Sagittario
537 2637 614 2699 haec
638 2636 805 2700 dicuntur:

589 2759 636 2822 IV
662 2761 726 2824 230
772 2763 812 2822 At
836 2759 956 2843 quibus
978 2761 1011 2823 in
1035 2759 1135 2824 bifero
1160 2760 1308 2824 Centauri
1332 2777 1463 2842 corpore
1486 2779 1555 2822 sors
1578 2767 1625 2824 cst

772 2865 931 2931 Nascendi
957 2886 1116 2948 concessa,
1139 2866 1214 2930 libet
1238 2865 1433 2949 subiungere
1456 2886 1580 2947 currus,

772 2973 932 3038 Ardentes
956 2981 987 3038 et
1010 2993 1111 3058 equos
1137 2974 1177 3038 ad
1200 2974 1307 3037 mollia
1330 2973 1447 3037 ducere
1469 2973 1569 3054 frena,

773 3079 912 3145 utteris
936 3086 1079 3145 armenta
1102 3082 1194 3164 sequi
1218 3082 1377 3165 pascentia
1401 3082 1535 3164 campis3

774 3186 1027 3271 Quadrupedum
1051 3206 1146 3251 omne
1169 3207 1273 3272 genus
1296 3188 1408 3272 positis
1432 3188 1586 3252 domitare
1611 3189 1778 3272 magistris,

665 3297 728 3358 235
774 3293 916 3358 Exorare
940 3295 1043 3378 tigris,
1065 3294 1252 3378 rabiemque
1275 3294 1401 3358 auferre
1424 3295 1519 3374 leoni,

775 3399 921 3484 Cumque
944 3401 1110 3484 elephante
1133 3401 1233 3484 loqui,
1255 3407 1441 3484 tantamque
1464 3409 1572 3485 aptare
1595 3402 1757 3484 loquendo

775 3508 907 3572 Artibus
925 3508 1073 3572 humanis
1097 3510 1185 3571 varia
1208 3508 1246 3572 ad
1270 3509 1451 3592 spectacula
1474 3509 1601 3572 molem.

777 3613 901 3699 Quippe
923 3614 1007 3679 ferae
1031 3616 1167 3680 mixtum
1192 3620 1242 3678 cst
1264 3615 1400 3680 hominis
1424 3615 1610 3701 persidem
1634 3634 1751 3698 corpus

778 3721 1035 3806 impositumque
1058 3728 1176 3805 manet,
1199 3723 1347 3805 quocirca
1371 3729 1486 3807 regnat
1507 3723 1541 3786 11
1566 3722 1649 3801 11111;

671 3831 735 3892 240
782 3827 940 3912 Quodque
962 3830 1086 3893 intenta
1108 3830 1191 3912 gerit
1214 3835 1346 3893 curvato
1371 3829 1495 3914 spicula
1518 3849 1627 3909 cornu,

778 3935 959 4000 1111111111
982 3936 1094 3999 tribuit
1116 3934 1266 3999 membris
1290 3941 1321 3999 et
1343 3937 1492 4000 acumina
1516 3936 1604 3999 cordi

777 4041 819 4106 m
841 4042 958 4106 1111111
981 4048 1087 4106 motus
1112 4061 1170 4106 nec
1194 4042 1378 4107 delassabile
1400 4046 1521 4126 pectus.

459 4183 606 4252 Piscibus
630 4190 736 4248 antem
760 4183 948 4248 tribuuntur
970 4206 988 4248 a
1011 4193 1105 4270 poeta
1132 4190 1263 4268 11111111,
1295 4185 1450 4268 naucleri,
1480 4186 1724 4270 gubernatores,
1754 4187 1906 4270 remiges,
1937 4189 1982 4250 rei
2017 4188 2162 4251 nauticae

354 4291 503 4372 artificem
528 4293 701 4375 piscatores
723 4292 851 4355 fecundi
874 4293 964 4376 prole
988 4299 1019 4356 et
1042 4291 1158 4358 Veneri
1182 4294 1319 4357 nimium
1342 4292 1545 4377 indulgentes
1569 4293 1628 4373 (IV
1652 4294 1715 4356 273
1740 4295 1809 4376 sq).

461 4399 522 4462 Sed
541 4399 710 4464 redeamus
729 4399 767 4462 ad
786 4399 879 4463 illum
898 4401 992 4483 primi
1012 4399 1083 4464 libri
1102 4400 1209 4464 locum
1229 4400 1277 4480 (cf.
1295 4419 1427 4483 suprap.
1442 4401 1507 4480 lli),
1526 4400 1582 4463 ubi
1596 4401 1740 4485 paullum
1760 4398 1983 4464 subsistamus.
2007 4399 2055 4464 Ibi
2075 4401 2162 4484 quod

355 4525 401 4570 vs.
427 4507 489 4570 916
508 4525 563 4590 per
585 4525 726 4590 pugnam
750 4506 914 4570 Actiacam
936 4512 1039 4571 rector
1062 4506 1189 4590 Olympi
1213 4508 1247 4569 in
1270 4512 1367 4591 ponto
1393 4508 1557 4590 quaesitus
1580 4527 1650 4572 1111
1676 4506 1789 4587 fertur,
1811 4507 1850 4570 ad
1874 4507 1958 4570 idern
1981 4507 2062 4571 redit
2086 4507 2163 4571 adu-

357 4612 443 4676 landi
476 4613 634 4690 studium,
666 4614 751 4698 qnod
781 4619 891 4698 poetae
924 4614 1102 4678 condonare
1132 4614 1297 4696 debemus,
1331 4633 1372 4676 111
1397 4633 1461 4696 quo
1485 4615 1568 4678 inter
1590 4615 1739 4678 Actiacos
1762 4615 1853 4678 sinus
1877 4614 1984 4678 orbem
2009 4619 2160 4678 terrarum

357 4739 550 4804 suspensum
574 4721 764 4805 pependisse
788 4726 819 4784 et
842 4721 920 4784 caeli
943 4721 1103 4785 1111111111
1127 4722 1159 4784 11
1184 4727 1282 4805 ponto
1309 4727 1434 4785 natasse
1463 4720 1539 4784 dicit
1563 4721 1603 4802 (V
1630 4722 1671 4782 52
1696 4722 1764 4804 sq).
1810 4719 1895 4785 Hinc
1923 4719 2072 4785 omnibns
2100 4721 2164 4784 illis

356 4826 433 4890 locis
457 4826 516 4888 lux
539 4827 669 4911 affulget
692 4826 958 4911 splendidissima,
981 4828 1101 4911 quibus
1124 4829 1296 4912 Augustus
1319 4848 1516 4912 quamquam
1540 4829 1573 4891 in
1597 4834 1680 4891 terra
1704 4827 1809 4892 adhuc
1833 4832 2047 4891 commoratus
2070 4827 2164 4891 modo

357 4952 423 4996 una
447 4932 623 4997 11111111
647 4935 769 4998 caelum
795 4953 919 5018 regere,
942 4935 1038 4998 modo
1063 4935 1152 4999 sidus
1175 4937 1210 4998 in
1234 4935 1320 4999 caelo
1342 4935 1444 4998 fixum
1470 4936 1614 4998 omnium
1639 4933 1780 4998 siderum
1805 4934 1898 4998 iubar
1921 4953 1979 4999 suo
1999 4934 2165 5017 splendore

357 5058 507 5123 superare
539 5039 678 5124 fingitur.
724 5041 799 5105 Huc
828 5041 928 5105 refero
961 5061 1014 5106 eos
1046 5061 1174 5124 1111111,
1207 5041 1326 5126 quibus
1355 5047 1447 5125 poeta
1479 5040 1692 5104 meridionalis
1721 5040 1943 5124 hemisphaerii
1966 5048 2050 5106 astra
2073 5043 2164 5106 astris

358 5145 537 5212 borealibus
562 5149 671 5213 cedere
695 5148 760 5212 ulla
782 5150 815 5211 11
839 5168 873 5212 11
896 5154 999 5231 negat,
1022 5155 1244 5233 praeterquam
1268 5148 1354 5231 quod
